1892 2892
135 87 209 135 nor
305 83 355 134 nu
371 83 418 131 vr.
437 81 534 134 cous
553 60 683 132 norton

161 210 255 258 Lustrat
266 207 433 272 Hyperboreas,
445 207 543 271 Delphis
553 211 698 265 ommunbus,
709 225 767 267 aras,
800 213 833 258 26

163 274 205 322 Nil
215 283 264 322 tum
274 273 380 323 Castalius
391 274 445 322 rivis
454 276 611 321 communitus
622 276 690 323 undae

90 350 96 357 '
163 337 309 397 Dissimilem
326 339 365 386 vili
376 353 417 386 nec
428 338 539 400 discrepat
547 341 625 386 arbore
633 341 725 388 laurust

162 406 282 464 Antraque
292 409 373 450 maesta
382 404 456 457 ailam,
467 404 632 466 inconsultique
641 419 751 453 recusus.

164 467 737 532 Atsil'noebusadestetfreuisgryphajugrlern
801 475 836 518 80
936 486 937 525 l

164 534 270 596 Rhipaeo,
282 533 380 595 tripodas
391 539 501 594 repetens,
513 533 606 580 detorsit
616 535 643 580 ab
653 549 703 587 axe,

165 599 233 646 Tunc
245 599 315 652 silvae,
328 605 382 644 tunc
393 604 457 644 antra
466 597 536 658 loqui,
547 605 601 646 tunc
612 598 783 647 viverefontess

166 661 233 711 Tunc
245 679 306 711 sacer
313 663 393 710 horror
403 663 465 724 aquis
474 679 482 719 ;
499 661 616 723 adytisque
626 662 748 710 effunditur
758 664 826 713 Echo

168 727 257 778 Clarius
266 746 274 787 ;
291 737 314 775 et
324 728 397 774 doctae
408 728 492 788 spirant
499 728 610 790 praesagia
618 743 691 790 rupes.

200 794 270 847 Ecce,
284 792 387 840 Palatino
398 792 468 839 crevit
479 793 604 839 reverentia
613 793 695 847 monti,
802 797 837 842 85

168 856 320 918 Exsultatque
329 858 441 904 habitante
453 855 523 914 Deo;
539 857 670 919 potioraque
680 857 779 920 Delphis

169 921 309 986 supplicibus
319 923 364 969 late
371 921 459 983 populis
467 921 556 968 oracula
566 922 657 984 pandit;

168 989 246 1048 Atque
257 1002 308 1034 suaa
319 986 347 1032 ad
358 986 423 1048 signa
429 986 494 1048 jubet
504 986 638 1034 revirescere
647 987 730 1034 laurus.
742 977 750 1000 ¹

169 1048 225 1100 Non
234 1051 301 1097 alium
312 1057 373 1097 certe
381 1047 455 1096 decuit
465 1051 588 1098 rectoribus
598 1050 657 1098 orbis

170 1117 230 1164 Esse
239 1111 323 1173 larem;
341 1114 446 1175 nulloque
455 1114 529 1177 magia
540 1131 565 1162 ae
574 1117 632 1163 colle
641 1123 741 1178 potestas
807 1121 841 1166 40

170 1181 286 1234 AEatimat,
298 1186 322 1227 et
332 1180 414 1226 summi
425 1181 494 1226 sentit
502 1178 593 1243 fastigia
598 1182 664 1242 juris.

172 1246 287 1293 Attollens
298 1244 383 1307 apicem
395 1245 499 1306 subJectis
508 1245 569 1307 regia
579 1245 671 1292 Rostris

170 1309 219 1358 'l'ot
229 1311 312 1357 circum
324 1309 414 1356 delubra
421 1308 490 1363 videt,
503 1310 614 1371 mutisque
622 1309 727 1357 Deorum

171 1375 280 1438 Cingitur
290 1374 394 1422 excubiis.
413 1372 485 1422 Juvat
495 1372 553 1421 infra
563 1381 623 1421 tecta
632 1374 744 1423 Tonantis

173 1438 317 1489 Cernere'l'a
356 1437 377 1485 'd
387 1437 510 1501 pendentes
521 1454 576 1501 rupe
587 1439 708 1502 Gigantas,
810 1445 842 1491 45
940 1430 941 1459 ³

166 1503 315 1566 'Caelutaaque
332 1519 389 1557 ores,
401 1503 525 1564 mediisque
534 1505 634 1551 volantia
644 1506 710 1568 sigua

174 1569 286 1624 Nubibus,
295 1573 318 1616 et
329 1569 422 1614 densum
433 1569 565 1630 stipantibus
573 1571 657 1616 aethera
665 1568 754 1633 templis
760 1587 769 1629 3

150 1646 153 1653 ’
174 1635 275 1696 AEraque
285 1633 372 1681 vestitis
382 1632 502 1680 numerosi
511 1646 585 1744 ppppe
596 1635 708 1681 columnia

174 1699 276 1752 Concita,
289 1698 436 1758 subnixasque
442 1699 507 1762 jugis
548 1699 650 1746 manibus
661 1700 729 1755 sedes,

174 1763 286 1811 Naturam
295 1763 422 1809 cumulante
433 1778 502 1809 manu
510 1780 519 1820 ;
536 1764 656 1826 spoliisque
665 1765 776 1812 micantes
813 1769 846 1814 to

176 1829 311 1875 Innumeros
322 1841 393 1874 arcus.
413 1826 482 1874 Acies
490 1834 565 1890 stupet
575 1829 629 1890 igne
639 1830 730 1884 metalli,

176 1893 210 1942 Et
220 1891 354 1940 circumfuso
365 1891 478 1954 trepidans
489 1894 619 1940 obtunditur
629 1909 692 1942 auro.

176 1958 320 2020 Agnoscisne
330 1963 388 2010 tuos,
401 1957 504 2020 princeps
515 1958 646 2012 vener-unde,
658 1959 771 2021 penates?

179 2022 241 2070 Haec
252 2029 311 2076 sunt,
323 2037 374 2083 quae
386 2022 462 2084 primis
473 2022 527 2069 olim
538 2024 631 2070 miratus
642 2024 665 2070 in
676 2025 749 2079 annis,

178 2087 247 2134 Patre
257 2088 294 2149 pio
305 2093 450 2141 monstrante,
462 2087 528 2150 petis.
542 2085 694 2150 rutupinus
704 2089 743 2136 ille
815 2093 848 2140 55

179 2151 294 2200 Divomm
305 2157 354 2196 toto
364 2153 446 2198 meruit
455 2151 542 2199 felicius
552 2168 611 2207 aevo,

180 2217 256 2272 Quam
267 2216 327 2278 quod
338 2215 455 2264 Romuleis
465 2217 539 2264 victor
550 2216 592 2263 sub
601 2216 713 2264 moenibus
724 2218 780 2280 egit,

178 2279 215 2328 Te
225 2287 337 2333 consorte,
349 2281 410 2344 dieq3
427 2297 487 2335 cum,
500 2297 525 2328 se
535 2282 663 2328 melioribus
670 2282 755 2330 addens

180 2345 306 2406 Exemplis,
318 2345 390 2395 civem
399 2354 496 2407 gereret,
508 2353 593 2393 terrore
603 2354 699 2400 remoto,

181 2409 291 2455 Alternus
301 2425 352 2455 cum
364 2411 427 2472 plebe
433 2412 508 2473 jocos,
520 2410 645 2472 dilectaque
655 2425 735 2474 passus
823 2419 858 2463 60

182 2470 270 2532 Jurgia,
309 2475 428 2535 triciasque
438 2475 526 2529 domos,
536 2475 666 2538 privataque
675 2478 759 2541 passim

185 2532 265 2584 Visere
290 2538 377 2598 eposito
387 2540 658 2603 dignatualiminafastu.
