1892 2892
169 115 171 120 '
208 109 257 158 DE
275 109 372 160 PROB.
389 111 437 160 ΕΤ1
451 111 551 161 OLYB.
566 112 663 164 CONS.
757 117 772 160 ³

95 235 160 282 Acin
171 235 241 283 Probi
252 253 344 285 narrare
353 253 441 300 queem,
454 246 511 301 quot
520 241 544 286 in
555 240 634 287 ordine
642 247 724 302 gentes

95 299 204 354 Rexe‘rit,
216 303 245 348 ad
256 305 337 349 summi
347 305 436 365 quotics
447 304 538 365 fustigiu
543 305 602 364 juris
641 331 645 338 -
767 312 770 318 ’

97 365 204 419 Venerit,
218 366 291 414 ltaliae
302 369 347 414 inte
358 383 409 414 cum
421 367 485 414 irene
495 376 589 422 teneret,

95 428 252 491 Illyricosque
262 433 331 486 sinus,
344 441 368 478 et
377 447 435 494 quos
445 440 493 479 urat
505 432 583 480 Africa
593 448 692 496 campos.
740 437 773 480 60

96 494 145 541 Sed
156 497 204 541 nati
216 493 291 542 vicere
302 506 402 559 putrem
420 498 507 559 solique
516 506 633 545 merentur

96 559 208 606 Victores
219 562 295 608 audire
307 561 389 608 Probi:
409 577 454 608 nou
466 563 562 626 contigit
572 563 604 609 illi

96 623 164 670 Telis
175 626 256 679 honor,
268 625 339 688 primd
350 641 401 673 cum
413 637 477 689 purte
487 628 607 674 viresceret
618 629 673 674 aeci:

97 688 157 734 Non
169 691 250 737 consul
261 705 312 736 cum
322 691 392 738 fratre
401 691 453 738 suit.
469 691 520 738 Vos
530 693 592 738 uuila
601 693 683 754 fatiget

97 753 170 808 Cura,
184 755 222 800 diu
232 757 317 816 majore
327 764 420 818 petens:
439 771 486 802 non
498 758 564 803 anxia
574 750 674 803 mentem
739 759 773 803 65

98 819 158 880 Spes
170 820 226 880 ogit,
239 827 262 866 et
273 821 344 883 longo
354 821 426 868 tendit
431 823 561 883 praecordin
571 829 633 868 voto.

99 881 219 946 Coepistis,
232 883 276 945 qui
287 885 410 932 finisemt:
429 887 551 948 primordiq
561 895 637 934 vestra

98 947 149 994 Vix
160 950 226 1011 pauci
237 948 340 997 merudre
351 966 429 998 senes:
449 959 566 1013 metusque
575 953 657 999 tenetis

98 1013 171 1068 Ante,
184 1029 255 1074 genas
266 1014 342 1062 dulces
353 1027 420 1076 quum
431 1016 476 1063 flos
481 1018 590 1079 juvenilis
599 1017 719 1072 inumbret,

99 1077 194 1138 Oraque
205 1079 285 1126 ridenti
296 1079 404 1142 lanugine
413 1075 496 1128 vestini
504 1089 570 1128 retus.
741 1083 774 1128 70

132 1142 179 1197 Tu,
192 1159 279 1205 precor,
290 1144 394 1206 ignarum
405 1146 494 1199 docens,
507 1145 634 1201 Parnassia,
645 1153 728 1201 vatem,

101 1207 163 1261 Quis
174 1207 241 1255 Deus
252 1210 359 1256 ambobus
370 1211 426 1257 tanti
438 1211 467 1258 sit
478 1211 578 1258 muneris
588 1218 674 1258 unctor.

133 1272 268 1334 Postquam,
280 1273 394 1322 fulmineis
404 1275 522 1338 impellens
533 1276 617 1322 viribus
627 1273 723 1329 hostem,

100 1337 204 1399 Belliger
216 1338 336 1400 Augustus
346 1340 443 1402 trepidus
454 1341 569 1388 lnxnvmt
580 1341 658 1402 Alpes,

100 1403 185 1456 Roma,
199 1401 275 1449 Probo
286 1404 377 1464 cupiens
388 1405 469 1467 dignas
478 1406 606 1467 persolvere
616 1412 700 1468 grates,
741 1406 774 1451 75

102 1467 186 1515 Sedula
196 1482 238 1528 pro
248 1469 307 1516 netis
318 1469 434 1517 dominum
445 1469 532 1517 flexum
542 1471 652 1532 rogando,

100 1532 139 1578 Ire
150 1540 221 1594 perat,
240 1529 330 1579 Famuli
341 1547 433 1581 currum
440 1531 539 1597 junxere
549 1535 672 1588 voluntem,

102 1597 213 1658 Impetus,
225 1597 379 1658 horribilisque
390 1599 477 1652 Metus,
489 1600 534 1660 qui,
546 1613 634 1661 semper
643 1605 738 1662 agentes

101 1661 195 1714 Proelin,
208 1677 260 1711 cum
270 1661 362 1710 fremitu
373 1663 471 1710 Romam
483 1664 620 1710 comitantur
631 1664 719 1717 anbelo,

102 1727 156 1773 Sive
167 1734 229 1788 petet
240 1725 344 1781 Parthus,
357 1743 397 1775 seu
408 1728 500 1790 cuspide
510 1730 586 1775 turbet
597 1727 730 1790 Hydaspen.
743 1732 775 1774 ⁸0

103 1790 151 1836 Hic
162 1791 219 1852 liget
229 1807 272 1838 exe
283 1799 357 1840 ruins:
377 1793 413 1839 hic
425 1793 466 1840 sub
472 1795 531 1856 jugo
540 1793 613 1840 ferree
624 1794 694 1840 mitur

102 1853 252 1916 cornipedes,
263 1857 385 1918 rigidisque
396 1857 461 1904 docet
472 1858 558 1904 servire
567 1859 656 1920 lupatis.

102 1919 163 1982 Ipsa,
177 1920 319 1982 triumphatis
329 1919 374 1982 qud
383 1921 483 1983 possidet
493 1924 579 1968 cethem
588 1924 672 1984 regnis,

102 1984 192 2037 Assilin
205 1985 306 2046 innuptae
317 1987 373 2032 ritus
384 1987 470 2033 imitate
481 1986 603 2033 Minervae.

102 2048 165 2095 Nem
176 2064 249 2110 neque
257 2050 371 2096 caesnriem
382 2051 459 2097 crinali
470 2051 582 2112 stringere
592 2052 663 2106 cultu,
741 2055 773 2098 85

103 2112 169 2163 Colla
180 2129 222 2160 uec
233 2122 314 2162 ornatu
324 2115 407 2176 patitur
418 2115 507 2162 mollire
516 2124 616 2162 retorto:

103 2178 220 2225 Dextrum
231 2180 292 2224 nudn
301 2180 367 2234 lutus,
381 2181 459 2226 niveos
470 2188 560 2227 exserta
569 2181 672 2233 lacertus,

103 2240 221 2291 Audacem
232 2244 314 2304 retegit
325 2259 461 2306 mummnm3
475 2241 600 2305 luxumque
610 2246 719 2293 coercens

103 2307 197 2354 Mordet
207 2323 300 2368 gemme
310 2309 384 2354 sinum
393 2327 398 2355 ι
419 2309 500 2363 nodus,
512 2310 549 2371 qui
561 2311 662 2358 sublevat
671 2325 758 2365 ensem,

103 2373 187 2420 Album
199 2373 295 2434 puniceo
306 2383 385 2435 pectus
395 2375 534 2422 discriminat
544 2384 615 2421 ostro.
744 2379 776 2422 90

102 2437 216 2486 Mrscetur
228 2433 304 2484 decori
316 2439 402 2497 virtum
419 2440 556 2502 pulcherque
567 2453 647 2486 severo

103 2503 212 2550 Anneius
223 2509 310 2549 terrore
320 2503 407 2564 pudor;
424 2505 542 2566 galeaeque
553 2504 640 2549 minaci·

105 2566 177 2615 Flava
185 2576 332 2626 cruentarum
343 2568 490 2630 praetenditur
501 2568 706 2629 umbrnjubarum3

108 2630 142 2680 Et
152 2630 274 2680 formidato
284 2631 377 2694 clypeus
388 2631 472 2680 Tilena
483 2632 572 2679 lacessit
