1892 2892
243 110 296 160 HE
312 110 361 160 ΙΙΙ.
373 106 469 162 CONS.
484 107 643 160 BONORII.
741 115 780 158 ω

106 229 659 300 Arctoddestrsgecalcns3etposcerepartern
749 230 780 285 aa

105 297 148 344 De
159 299 244 360 spoliis,
258 301 405 362 Scythicosve
416 317 488 355 arcus,
500 310 540 349 sut
551 310 614 365 rapta
625 302 721 351 Gelonis

108 360 218 424 Cingula,
230 366 268 412 vel
273 367 375 428 ¹jaculum
387 365 455 420 Daci,
467 368 504 414 vei
513 367 577 414 frena
588 367 664 416 soavi.

108 425 153 474 Ille
165 431 292 476 coruscanti
303 431 383 494 clypeo
394 440 417 478 te
429 447 489 494 saepe
499 433 614 479 volentem

108 492 207 539 Sustulit
218 495 324 550 arridens,
336 505 360 544 et
370 504 461 558 pectore
472 498 553 558 pressit
562 497 643 544 anhelo
667 529 671 536 -
747 501 782 543 80

108 554 251 620 Intrepidum
262 560 321 614 ferri,
334 562 409 623 galee,
417 576 459 608 nec
470 563 535 608 triste
546 562 663 612 timentem

108 619 206 684 Fulgur,
217 624 281 670 etad
292 641 391 674 summas
403 627 532 672 tendentem
542 627 632 673 brachia
643 627 729 673 cristas.
822 667 829 672 .

108 685 171 732 Tum
183 689 215 734 sic
226 689 292 736 laetus
303 691 348 736 ait:
370 699 384 722 ‘¹
394 691 454 744 Rex,
467 691 496 739 o!
514 691 624 738 stellantis
636 691 735 754 Olympi,
773 684 777 693 ’

108 749 173 816 Talis
184 754 309 814 perdomito
321 755 396 802 redeat
407 757 462 802 mihi
473 756 532 802 iilius
544 757 617 809 hoste,
771 783 777 792 ·

109 813 231 877 Hyrcanas
243 821 361 881 populatus
373 837 432 882 opes,
446 830 485 868 aut
496 821 559 866 caede
569 819 677 882 superbus
746 823 779 886 85

109 880 219 942 Assyriis:
239 884 272 931 sic
283 899 337 931 ense
347 887 436 939 rubens,
450 886 483 932 sic
493 883 585 932 flamine
595 886 675 932 crebro

108 944 232 1002 Turbidus,
245 956 267 995 et
278 958 344 1010 grato
357 965 471 1012 respersus
482 951 575 1011 pulvere
585 951 650 998 belli:

109 1011 229 1072 Armaque
239 1015 319 1076 gaviso
330 1014 412 1062 referat
423 1015 512 1076 captiva
522 1014 636 1076 parenti.'’

144 1075 213 1131 Mox,
226 1079 263 1125 ubi
273 1077 366 1126 iirmdsti
377 1087 440 1126 recto
451 1080 548 1142 vestigia
557 1095 645 1142 gressu,

109 1139 168 1187 Non
178 1142 218 1188 tibi
228 1143 323 1190 desidias
333 1145 419 1198 molles,
432 1160 479 1191 non
490 1145 588 1192 marcida
597 1146 654 1191 luxu
749 1149 784 1192 40

111 1205 173 1259 Otia,
186 1222 228 1254 nec
239 1223 331 1255 somnos
342 1211 433 1271 genitor
443 1211 544 1271 permisit
555 1211 652 1257 inertes:

110 1271 159 1318 Sed
170 1287 228 1318 nova
239 1289 279 1335 per
290 1273 358 1320 duros
369 1275 476 1321 instruxit
487 1276 586 1322 rnernbra
596 1273 690 1329 labores,
775 1299 781 1310 ·

111 1335 146 1383 Et
159 1335 227 1383 crudi
237 1346 325 1384 teneras
336 1340 437 1386 exercuit
449 1340 524 1386 indole
533 1340 606 1390 vireas

102 1401 211 1464 'Frigora
221 1417 283 1450 saeva
293 1404 347 1465 pati,
359 1405 465 1466 gravibus
476 1420 522 1451 non
534 1405 613 1452 cedere
623 1404 718 1463 nimbis3

112 1466 232 1517 AEstivum
244 1467 338 1514 tolerare
344 1470 425 1532 jubar;
444 1476 533 1516 transm
544 1485 637 1516 sonoras
753 1471 785 1518 45

111 1531 252 1579 Torrentdm
263 1532 347 1592 furias;
363 1534 471 1581 adscensu
484 1535 574 1580 vincere
583 1540 680 1589 montes,
779 1592 783 1600 ι

112 1595 235 1648 Planitiem
247 1613 321 1652 cursu,
336 1598 403 1646 valles
415 1607 438 1645 et
448 1613 548 1647 concava
559 1598 629 1644 saltu:

112 1661 213 1708 Necnon
223 1663 248 1708 in
259 1663 338 1724 clypeo
350 1664 430 1726 vigiles
440 1664 562 1725 perducere
573 1669 651 1710 noctes
657 1679 667 1721 ς

114 1725 145 1772 In
157 1725 222 1788 garet
232 1735 310 1790 potare
322 1730 400 1785 nives;
418 1744 479 1775 nunc
490 1729 576 1790 spicula
586 1743 656 1775 cornu
776 1755 780 1761 ·

113 1790 227 1846 Tendere,
241 1807 301 1839 nunc
312 1793 406 1856 glandes
417 1793 507 1848 Baleari
517 1809 624 1856 spargere
633 1789 710 1841 fundi.
753 1796 787 1841 50

115 1855 216 1917 Quoque
226 1858 299 1920 magis
311 1859 403 1904 ninnium
416 1875 500 1921 pugnre
510 1856 660 1906 inflammaret
670 1873 777 1917 amorem,

114 1920 188 1972 Facta
198 1923 231 1968 tui
243 1925 373 1970 numerabat
383 1924 427 1978 avi,
440 1940 507 1986 quem
518 1924 571 1971 litus
582 1925 669 1971 adustae

115 1986 239 2034 Horrescit
250 1987 337 2048 Libyae,
350 1989 478 2049 ratibusque
488 1990 596 2050 impervia
606 1989 689 2037 Thule.

115 2049 161 2098 Ille
171 2051 233 2099 leves
245 2053 349 2108 Mauros,
362 2067 404 2101 nec
415 2053 471 2100 salso
483 2055 575 2101 nomine
586 2053 671 2107 Pictos,

114 2116 242 2166 Edomuit:
263 2118 401 2180 Scotumque
411 2135 471 2180 vago
482 2135 590 2166 mucrone
601 2127 698 2174 secutus,
756 2116 788 2166 55

115 2180 197 2243 Fregit
209 2181 370 2244 Hyperboreas
381 2183 448 2230 retnis
459 2185 578 2231 audacibus
589 2185 674 2242 undas3

115 2245 152 2294 Et
162 2247 259 2307 geminis
269 2247 359 2310 fulgens
371 2257 467 2310 utroque
478 2251 519 2295 sub
529 2265 572 2296 axe
582 2249 681 2312 tropaeis,

115 2309 221 2372 Tethyos
231 2313 326 2359 alternae
338 2313 418 2360 refluas
430 2314 524 2360 calcavit
534 2329 620 2360 arenas.
667 2322 671 2330 '
756 2359 784 2371 ,

117 2375 173 2423 Hos
183 2377 222 2422 tibi
234 2377 343 2424 virtutum
355 2379 464 2433 stimulos,
478 2381 527 2425 haec
539 2380 624 2425 semine
633 2377 732 2430 laudum,
764 2403 767 2407 ·
780 2401 785 2408 ·

117 2439 180 2488 Haec
190 2442 295 2503 exempla
305 2442 378 2489 dabat.
397 2443 452 2489 Non
464 2459 535 2504 ocyus
546 2442 619 2490 hausit
631 2442 731 2490 Achilles
756 2445 789 2490 60

117 2505 222 2555 semiferi
233 2515 347 2569 praecepta
357 2508 424 2561 senis,
437 2521 478 2554 seu
488 2507 586 2568 cuspidis
596 2515 664 2560 ortes,
765 2560 767 2563 ,

5 2597 17 2606 -
117 2572 175 2620 Sive
185 2571 243 2633 lyrae
254 2578 341 2626 cantus,
354 2572 451 2619 medicas
464 2587 503 2619 eeu
515 2573 610 2619 disceret
620 2572 708 2618 herbas.

156 2633 346 2684 Interea-turbata
356 2637 425 2686 tides:
445 2637 520 2684 civilia
530 2646 607 2684 rursus
653 2665 656 2670 ν
