1892 2892
141 60 174 104 58
281 56 331 114 DE
346 56 393 103 IV.
407 53 505 106 CONS.
519 49 681 104 HONORII·

100 199 103 203 Δ
142 172 486 242 Ingeniilinguaequemodns!
505 179 627 240 Responsa
636 184 743 227 verentur
766 171 818 224 51⁶

143 240 233 303 Legati,
245 243 397 304 gravibusque
408 244 463 291 latet
475 246 516 291 sub
526 246 626 291 moribus
637 252 700 290 aetas.

143 305 249 360 Quantus
260 308 284 352 in
295 324 334 354 ore
344 307 420 370 pater!
439 309 510 355 radiat
519 325 586 370 quam
597 316 662 356 torva
672 309 778 370 voluptas

144 369 244 426 Frontis,
257 379 280 419 et
290 373 395 434 Augusti·
403 375 508 436 majestas
518 383 584 436 grata
593 373 699 436 pudoris!

143 435 195 483 Jsm
206 437 289 498 patrias
300 438 379 499 imples
389 439 479 499 galeas:
494 441 543 500 Jarn
554 453 637 485 cornus
647 440 709 486 avita
765 439 823 484 52⁰,

143 499 255 547 Tentatur
265 503 371 550 vibranda
382 503 434 550 tibi:
455 504 592 565 promittitur
602 503 684 564 ingens

143 563 234 612 Dextra
245 567 382 621 rudimentis,
395 568 544 629 Romanaque
554 576 608 615 vota
618 576 726 614 moratur.

145 628 203 682 Quis
215 630 288 687 decor,
300 633 384 680 incedis
396 633 485 693 quoties
496 634 618 694 clypeatus,
631 641 655 678 et
664 649 721 679 auro

144 693 276 754 Squameus,
289 705 312 743 et
324 699 403 744 rutilus
414 699 494 751 cristis,
506 705 531 744 et
541 697 628 744 casside
637 696 721 758 major!

128 759 189 818 ,sia
203 777 254 820 curn
265 761 371 812 Threiciis
381 762 478 824 primum
490 763 579 809 sudaret
590 763 613 808 in
625 761 695 815 hasti,
766 757 819 806 ⁵25
890 800 930 825 n,

144 823 250 872 Flumina
259 827 363 890 laverunt
374 843 467 890 puerum
480 827 615 888 Rhodopeia
625 826 734 872 Martem·

146 888 206 943 Quae
217 892 377 953 viresjaculis!
396 893 440 946 vel,
452 907 504 939 cum
517 892 631 952 Gortynia
641 891 715 938 tendis

146 955 242 1016 Spicula,
255 972 320 1016 quarn
331 957 386 1002 felix
398 971 469 1009 arcus,
483 957 582 1018 certique
593 956 676 1017 petitor

145 1017 260 1073 Vulneris,
273 1028 296 1066 et
304 1022 394 1082 jussum
406 1021 496 1066 mentiri
507 1022 596 1067 nescius
606 1019 690 1068 ictum!

146 1083 202 1136 scis,
214 1100 259 1144 quo
271 1101 333 1130 more
345 1084 435 1146 Cydon,
447 1083 493 1146 qud
503 1086 585 1147 dirigat
595 1095 643 1132 arte
654 1085 749 1148 sagittas
767 1083 821 1130 530

145 1148 284 1206 Armenium
301 1149 381 1211 refugo
393 1165 443 1210 quae
455 1151 484 1198 sit
494 1149 575 1197 fiducia
587 1150 680 1197 Partho·

147 1213 192 1265 stc.
206 1207 350 1276 Aniphioniae
360 1216 452 1276 pulcher
464 1214 545 1261 sudore
556 1216 675 1276 palaestrae,

145 1277 239 1325 Alcides
250 1280 370 1340 pharetras,
384 1279 521 1339 Dircaeaque
532 1280 577 1327 tela
587 1281 673 1327 solebat

146 1341 286 1390 Praetentare
296 1343 356 1398 seris,
369 1344 423 1390 olim
434 1344 546 1390 domitura
558 1345 678 1406 Gigantas,

147 1407 181 1455 Et
192 1423 268 1470 pacem
280 1410 352 1476 latura
362 1409 428 1471 polo:
448 1424 580 1470 semperque
591 1417 699 1456 cruentus
769 1407 820 1453 585

147 1471 204 1527 Ibat,
218 1480 240 1520 et
252 1473 369 1537 Alcmenae
380 1475 478 1536 praedarn
490 1473 598 1521 referebat
609 1474 694 1520 ovanti.

148 1537 275 1594 Coeruleus,
289 1540 326 1586 tali
338 1548 462 1602 prostratus
474 1540 588 1600 Apolline,
601 1538 694 1599 Python

148 1600 263 1666 Impllcuit
273 1604 349 1652 fractis
360 1605 468 1651 moritura
479 1605 594 1650 volumina
604 1604 676 1650 silvis.

149 1667 210 1716 Cum
221 1671 317 1716 vectaris
328 1685 393 1730 equo,
407 1668 572 1728 simulacraque
583 1668 669 1715 Martia
678 1666 745 1720 ludis,

149 1733 209 1786 Quis
219 1735 299 1781 molles
310 1734 398 1781 sinuare
408 1733 483 1794 fugas,
495 1734 545 1793 quis
555 1734 648 1780 tendere
659 1740 753 1779 contum
770 1733 826 1777 540

147 1799 237 1853 Aerior,
250 1806 289 1846 aut
300 1799 385 1844 subitos
396 1798 475 1844 melior
484 1797 576 1845 flexisse
586 1796 706 1844 recursus?

149 1863 205 1910 Non
217 1871 240 1910 te
251 1863 398 1924 Massagetae,
409 1877 455 1908 non
466 1878 524 1924 gens
534 1862 632 1910 exercita
643 1877 725 1923 campo

148 1927 265 1984 Thessala,
277 1944 324 1975 non
335 1927 376 1989 ipsi
387 1934 494 1988 poterunt
504 1943 593 1988 aequare
604 1928 745 1974 bimembres.

149 1992 199 2039 Vix
209 1994 302 2040 comites
314 1993 362 2045 alae,
376 1993 414 2038 vix
426 2000 449 2038 te
460 2007 568 2054 suspensa
579 2000 704 2052 sequuntur

149 2059 265 2119 Agminaz
285 2057 441 2117 ferventesque
452 2065 540 2104 tument
551 2067 604 2118 post
614 2066 679 2118 terga
688 2056 807 2102 dracones·
886 2052 890 2057 ’

150 2121 230 2183 thue
241 2122 285 2168 tuis
296 2123 392 2183 primum
404 2122 495 2184 sonipes
506 2122 627 2169 calcaribus
638 2122 700 2175 arsit,
772 2123 825 2167 546

149 2186 276 2248 Ignescunt
287 2187 370 2247 patulae
382 2202 461 2242 nares;
480 2202 527 2235 uon
538 2187 605 2232 sentit
616 2201 697 2232 arenas

151 2252 260 2313 Ungula;
278 2251 499 2312 discussaequejubae
511 2259 647 2313 sparguntur
658 2251 681 2296 in
692 2264 777 2296 armos.
834 2273 837 2280 ·

150 2317 280 2364 Turbantur
291 2315 403 2377 phalerae;
421 2317 532 2377 spumosis
543 2316 655 2362 morsibus
665 2330 746 2362 aurum

150 2380 235 2429 Fumat
241 2397 248 2437 ;
261 2381 390 2427 anhelantes
401 2381 516 2428 exundant
526 2380 638 2442 sanguine
647 2395 755 2442 gemmae.
774 2380 830 2427 550

152 2444 205 2506 Ipse
215 2445 277 2490 labor
287 2445 405 2506 pulvisque
416 2445 504 2499 decent,
517 2445 657 2505 aoniumque
664 2452 733 2504 ,motu

152 2508 276 2557 Caesaries:
296 2509 367 2554 vestis
379 2509 463 2555 radiato
476 2510 562 2555 muriae
573 2511 645 2556 solem

151 2571 279 2621 Combibit:
298 2571 389 2634 ingesto
400 2573 511 2635 crispatur
522 2589 619 2636 purpura
630 2580 706 2622 vento,
717 2618 719 2622 ,
