1892 2892
176 127 228 190 ³156
244 139 284 188 m
293 127 389 190 rsus
404 139 501 190 cous.
515 139 663 192 sumes
675 125 729 190 me
742 123 779 192 11}

178 269 260 333 Digne
269 269 346 318 feror?
362 270 483 318 titulumne
493 272 576 326 levem,
587 273 694 334 parvique
705 272 784 319 nitoris

180 334 307 389 Credimus,
319 334 419 397 Augusti
429 351 497 398 quern
509 352 534 384 se
544 337 650 384 decorare
659 335 777 383 fatentur?

181 399 292 463 subjuga
302 415 347 461 quo
358 408 446 462 gentes,
458 401 552 463 captiuis
563 402 660 463 regibus,
671 401 717 464 egi·
799 403 852 448 290

179 462 252 517 Num.
265 465 284 511 si
294 464 401 527 prodigiis
412 480 477 512 ossus
488 472 568 512 nature
577 465 666 512 futuros

181 529 270 590 Signat,
275 529 402 591 -polluimur
412 527 516 576 maculis?
534 529 603 584 Quod
613 531 675 583 reris,
687 528 746 576 Eois

181 591 256 640 Omen
267 601 314 640 erst
320 610 328 650 ;
345 608 479 655 quamquem
490 594 557 642 nullis
566 594 621 640 mihi
632 595 724 656 cognitu
734 593 800 640 rebus

182 655 281 705 Fsbnls':
299 657 338 704 vix
349 665 413 705 tanto
425 659 472 704 risit
483 657 512 705 de
521 658 614 705 crimine
625 674 709 705 rumor.

180 721 311 784 opprobriis
322 729 366 769 stat
377 723 437 769 nullu
447 721 510 776 fides,
523 737 565 770 nee
574 723 640 769 liters
649 723 712 770 venit
799 723 848 775 295

180 785 308 849 Vulgsturs
319 786 394 834 nefas:
413 787 437 832 in
448 803 493 848 quo
504 787 540 834 vel
550 788 649 834 maxims
658 788 730 833 virtus

173 850 225 916 ¹Est
235 859 281 914 tus,
294 851 360 912 quod,
373 859 462 898 nostros
473 850 511 912 qui
522 852 620 898 consulis
631 852 706 898 omnis
717 849 805 904 Patres,

178 914 220 963 De
230 917 336 968 monstris
347 923 428 963 tseess.
448 913 549 963 Pellendi
560 916 654 977 (lenique
664 916 726 962 nulls

167 979 305 1027 .Dedecoris
316 986 418 1026 sanctum
431 980 516 1027 violant
526 981 615 1027 oracula
624 986 724 1026 eoetum:

179 1043 230 1090 Nec
241 1059 291 1090 mes
300 1043 414 1090 funestum
426 1044 525 1091 versavit
535 1046 596 1092 curIs
605 1059 697 1091 nomen.
797 1047 847 1090 800

177 1107 236 1155 Pers
247 1107 336 1154 sceleris
346 1106 458 1156 dubitisse
467 1108 517 1155 fuit.
538 1106 799 1171 Quaeeumque’profsns

180 1171 269 1234 Pagina
279 1172 307 1218 de
316 1172 389 1234 primo
399 1172 498 1219 venisset
508 1174 579 1220 limite
590 1173 678 1227 Phoebi,

177 1237 241 1284 Ante
250 1235 332 1283 fretum
345 1236 417 1283 delete
426 1238 489 1292 mihi,
501 1252 530 1285 ne
541 1237 614 1300 turpis
624 1239 692 1285 enstis

177 1301 277 1348 Aurinus
289 1299 361 1347 Itslise
371 1300 468 1348 fatorum
480 1303 583 1364 exempls
592 1308 706 1349 nocerent·

170 1364 285 1412 ,Publicus
295 1366 333 1412 ille
342 1365 405 1412 furor
417 1366 537 1430 (quantum
548 1374 587 1414 tus
596 1382 650 1413 eure
660 1365 747 1428 peregit
755 1363 775 1426 l)
796 1368 846 1413 805

178 1431 295 1478 Secretum
306 1429 396 1478 meruit.
411 1429 522 1484 Laetetur‚
534 1431 633 1492 quisquis
645 1427 732 1495 [Eoos]

177 1495 279 1543 Scribere
289 1495 393 1542 desierit:
411 1493 482 1542 festos
493 1503 599 1558 portenta
610 1496 711 1544 Gabinos

178 1559 227 1607 Ists
237 1560 321 1607 latent:
340 1560 450 1623 propriam
462 1561 533 1608 labem
544 1562 635 1607 tersisse
644 1560 753 1608 laborent.

177 1623 227 1673 Cur
237 1640 288 1686 ego,
300 1639 367 1685 quem
378 1639 492 1686 nunquam
503 1624 568 1671 didici
579 1625 667 1672 sensive
677 1631 785 1677 creatum,

178 1689 286 1736 Grstuler
296 1689 427 1736 exemtum?
444 1688 529 1736 Delicti
540 1690 637 1751 poenitet
647 1689 711 1735 illos:
795 1691 845 1733 810

176 1753 280 1800 Nos-nec
291 1753 432 1800 credidimus.
448 1751 527 1800 Fuerit
537 1762 614 1801 tamen
625 1753 729 1799 omnsssus
740 1765 812 1799 unum

178 1816 279 1871 Crimen,
291 1825 314 1865 et
324 1817 352 1864 sd
363 1825 451 1864 nostres
460 1818 584 1868 manaverit
594 1833 665 1880 usque
675 1831 780 1876 secures3

176 1881 234 1929 Plus
245 1881 294 1929 ideo
305 1882 412 1928 sumenda
423 1882 461 1929 tibi
472 1881 633 1945 fastigisjuris,

176 1945 216 1993 Ne
225 1953 301 2008 penest
312 1953 357 1993 tam
384 1947 453 1993 riscus
464 1947 544 2001 henos,
555 1948 594 2008 qui
604 1954 683 2008 portus
694 1945 807 1992 honorum
841 1971 847 1984 ·

177 2012 271 2073 Semper
281 2019 336 2058 erst-
380 2011 426 2058 ullo
437 2011 513 2058 surcin'
523 2012 616 2058 consule
626 2011 740 2066 damnum,
794 2013 843 2060 815

176 2075 281 2137 Excepto
293 2076 422 2131 Stilichone,
434 2082 515 2138 potest.
534 2075 599 2124 Bene
609 2075 704 2137 praescis
714 2081 804 2138 tempus

167 2140 247 2196 ‚Mens
258 2147 297 2186 tua
307 2140 434 2187 distulerat:
454 2141 520 2187 titulo
532 2148 586 2188 tuuc
597 2155 697 2188 creseere
706 2155 785 2203 posses
791 2157 800 2198 ς
830 2193 833 2198 ,

167 2203 247 2252 ‘Nune
257 2211 297 2266 per
307 2211 330 2251 te
341 2205 426 2252 titulus.
442 2203 531 2253 Consul
542 2220 647 2252 succurre
656 2203 757 2267 gravetis

176 2267 319 2322 Consulinus,
332 2269 465 2332 quicumque
476 2270 526 2320 fuit.
537 2271 671 2331 quicumque
680 2268 777 2315 futurus.

174 2334 269 2380 Annum
280 2333 347 2381 redde
357 2340 428 2388 tuum,
441 2349 508 2394 quem
518 2349 573 2380 mox
584 2349 662 2381 secure
672 2340 778 2394 sequntur
794 2335 845 2381 820

114 2415 116 2419 ·
174 2396 306 2451 Posteritns,
319 2413 360 2445 nec
366 2400 414 2461 jam
426 2399 500 2445 dolent
510 2398 600 2446 defensa
610 2404 717 2447 vetustas.

175 2461 211 2506 Sit
221 2461 301 2507 trabeis
312 2463 371 2508 ultor
382 2463 498 2518 Stilichon,
511 2462 641 2523 Brutusque
651 2468 758 2525 repertor.

166 2518 277 2570 'Libertas
288 2527 370 2587 populi,
381 2529 454 2590 primo
465 2535 520 2574 tunc
531 2529 624 2575 consule
634 2527 716 2584 Bruto,

174 2586 273 2634 Reddita
283 2605 322 2652 per
332 2589 417 2638 fusses:
436 2593 472 2638 hic
483 2592 580 2639 fsscstsus
589 2592 676 2654 expulit
686 2591 741 2654 ipsis

172 2652 300 2726 Servitium
318 2650 419 2706 Instituit
430 2657 546 2706 sublimem
558 2655 785 2717 Brutushonorem‘
793 2659 845 2706 825
