1892 2892
171 117 219 163 rso
268 113 275 128 ’
335 113 385 165 na*
401 109 516 165 nunno
529 106 672 195 omitte

167 240 220 289 Nec
231 241 313 288 vallum
324 239 443 302 deusaeque
453 241 520 288 sudes
530 254 606 289 arcem
615 234 736 288 volantes?
745 235 757 241 ”
784 235 836 288 216

104 303 110 312 “
168 305 418 368 cornipedum-saltus?
433 304 533 368 JamJ'am
541 307 794 369 conscendere'pnppes,

166 371 308 431 Sardoosque
318 369 415 418 habitare
425 371 495 423 sinus,
507 377 530 417 et
539 371 651 432 inhospita
661 371 735 432 Cyrni

166 437 227 483 Saxa
237 442 322 496 parant,
334 435 447 496 vitamque
456 433 515 481 freto
526 443 643 496 spumante
653 436 718 483 tueri.

167 499 221 562 Ipsa
231 500 297 546 etiam
308 499 379 546 diffisa
389 500 450 546 brevi
460 498 577 546 Trinacria
586 507 664 561 ponto,
784 502 836 546 220

166 566 191 613 Si
202 579 276 610 rerum
287 571 365 612 natura
376 564 440 617 sinat,
453 564 566 611 discedere
576 565 645 626 longe
788 576 793 590 ‘

167 629 245 691 Optet,
257 635 279 674 et
292 627 380 674 liinium
392 627 471 690 refugo
481 628 557 674 laxare
566 628 659 675 Peloro.

165 693 278 754 Fultaque
288 693 410 755 despiciens
420 707 475 738 auro
485 690 603 753 laquearia,
616 694 679 740 dives

166 758 248 806 Tutior
258 755 341 804 AEoliis
351 757 427 804 mallet
437 757 521 803 vixisse
530 758 640 804 cavernis
739 811 742 816 ¹

163 823 262 883 Jamque
273 822 334 869 oneri
345 822 465 876 creduntur
475 836 543 883 cpea;
558 823 692 883 tandemque
700 821 769 870 libido
783 823 834 868 225

164 887 243 934 Haesit
254 887 359 939 avaritiae,
371 885 510 947 gravioribus
520 887 598 933 obruta
608 888 674 933 curis.

165 951 245 1013 thue
255 957 289 997 est
299 951 434 1012 ingenioque
443 951 533 1015 loqumq
543 959 567 997 et
576 938 671 1013 plisima
679 951 736 1014 tingi

162 1015 309 1068 ·Pemnitt'ens'‚
322 1015 432 1075 credique,
444 1016 525 1072 timor;
541 1023 590 1062 tum
602 1017 688 1063 somnia
696 1017 769 1078 vulgo

165 1079 273 1134 Namari3
290 1085 338 1124 turn
349 1085 449 1126 monstra
460 1079 548 1134 Derim,
556 1081 699 1142 monitusque
709 1079 807 1127 sinistri:

165 1144 228 1199 Quid
239 1143 373 1190 meditentur
382 1159 447 1200 sves;
464 1144 517 1204 quid
527 1160 578 1190 curn
589 1145 718 1192 mortalmus
729 1146 800 1192 aetlter

164 1208 284 1258 Fulmineo
295 1207 349 1254 velit
359 1208 412 1270 igne
421 1208 498 1269 loqui;
513 1209 567 1269 quid
577 1211 676 1259 carmine
684 1217 764 1272 poscat
783 1211 831 1257 281

164 1273 266 1324 Fatidice
277 1279 353 1319 custos
364 1271 463 1320 Romani
473 1274 576 1320 carbasus
586 1275 637 1320 aevi.
709 1295 710 1300 ¹
845 1273 854 1290 ⁸

163 1337 262 1389 Territut
272 1336 373 1384 assiduus
384 1336 458 1384 Lunae
468 1337 537 1391 labor,
549 1345 641 1399 atraque
652 1337 740 1386 Plroebe

162 1402 275 1451 Noctibus
281 1402 391 1448 aerisonas
402 1402 484 1457 crebris
495 1402 578 1449 ululata
587 1404 628 1464 per
637 1404 711 1449 urbes.

99 1492 101 1496 ·
162 1468 215 1516 Nec
226 1465 320 1513 credunt
329 1466 399 1514 vetito
408 1465 532 1513 fraudatam
543 1467 597 1514 Sole
608 1481 710 1514 sororem
782 1468 847 1513 235·
943 1456 944 1481 ¹

162 1532 261 1580 Telluris
272 1531 380 1578 'subeunte
390 1531 471 1592 globo;
489 1531 536 1585 sed,
548 1538 621 1578 castra
631 1539 718 1579 secutas
771 1549 774 1556 ·
793 1556 795 1559 ·

161 1597 268 1650 Barbara,
280 1594 422 1642 Thessalidas
431 1595 509 1656 patriis
518 1596 596 1642 lunare
604 1597 712 1649 venenis,

161 1662 278 1712 Incestare
283 1661 356 1722 juber.
375 1658 441 1705 Tunc
451 1657 506 1706 anni
515 1660 580 1722 signa
589 1661 676 1722 prioris,

161 1727 196 1774 'Et
207 1729 226 1774 sl
237 1725 297 1786 quod
305 1723 400 1770 fortasse
410 1724 473 1784 quies
484 1724 613 1786 neglexerat
623 1721 697 1780 omen,

161 1791 234 1838 Addit
244 1804 297 1836 cura
307 1788 385 1836 novin:
404 1788 516 1849 lapidosos
525 1790 639 1852 grandinis
650 1791 716 1843 ictus,
782 1793 833 1836 240

161 1855 301 1914 Molitasque
311 1867 404 1900 examen
415 1867 475 1914 spes,
486 1853 613 1914 passimque
622 1862 732 1902 crematas
755 1881 759 1888 -

162 1919 313 1968 Perbacchata
322 1917 401 1965 domos
412 1917 479 1964 nullis
488 1919 591 1965 incendis
599 1919 680 1973 musis,
700 1948 705 1954 -

161 1985 197 2033 Et
207 1993 320 2042 uunquam
331 1981 389 2029 coelo
400 1988 525 2044 spectatum
535 1983 627 2045 impune
636 1989 749 2038 cumaea,

140 2091 142 2094 .
162 2049 218 2104 Qui,
228 2049 325 2110 primum
337 2061 401 2093 roseo
412 2045 494 2092 Phoebi
503 2047 603 2109 prolatus
612 2049 709 2100 abortu,

162 2111 217 2168 Qut
226 2113 294 2161 micat
304 2108 413 2172 astrigeri
423 2111 497 2157 senior
506 2127 559 2158 cum
569 2113 667 2175 conjuge
677 2110 792 2175 Cepheus,

160 2178 220 2226 Inde
230 2172 346 2236 Lycaonia
355 2175 461 2236 priuatim
471 2176 578 2238 expulsus
588 2178 616 2224 ab
626 2178 706 2230 Arcto,
781 2181 831 2226 246

161 2241 232 2291 Crine
242 2255 301 2302 vago
313 2239 388 2286 Getici
397 2238 491 2286 foedsvit
501 2241 573 2288 sidem
582 2241 689 2302 plaustri3
712 2269 716 2276 ·
758 2274 761 2278 ι

156 2305 243 2356 Donec
253 2303 277 2350 iu
288 2302 394 2364 exiguum
405 2304 503 2351 moriens
513 2313 643 2353 vanesceret
652 2307 739 2366 igneru.

159 2369 206 2416 Sed
216 2368 306 2430 gravius
317 2375 403 2414 mentes
413 2383 523 2415 caesorum
534 2376 624 2417 caterua
633 2370 738 2432 lupumm

158 2430 311 2477 Homificantr
330 2431 375 2477 duo
385 2433 470 2494 quippe.
476 2432 523 2495 lupi
534 2435 576 2480 sub
586 2433 698 2496 Principis
708 2449 756 2492 ora.
780 2437 831 2486 250

156 2493 224 2544 Dum
234 2493 317 2554 csmpis
327 2503 416 2542 exercet
426 2511 503 2556 equos,
515 2497 625 2546 violenter
634 2499 707 2547 adorti
719 2531 723 2537 -
778 2530 781 2536 ι

157 2559 257 2620 Agmffls
269 2563 293 2619 ‘i
302 2559 389 2620 excepti
399 2559 456 2614 telis,
469 2560 567 2609 immane
577 2563 648 2611 remu

156 2620 296 2685 Prodigium,
309 2621 432 2686 miramque
442 2631 519 2674 notam
530 2623 615 2678 dinem
622 2627 701 2678 tutum
