1892 2892
169 109 227 162 ,ns
245 93 353 162 nuru·
368 110 500 160 nouom·
517 111 564 160 sr
581 109 666 161 unu
726 114 755 161 n

85 238 223 286 Sollicitavit
233 239 296 291 odor,
304 239 411 292 tumidus,
423 240 571 301 quatiensque
580 242 672 291 &coros
711 247 760 292 19⁰

85 301 188 349 Turbati
199 305 287 350 cervice
293 305 367 365 jubas,
381 303 497 353 Pharsalia
504 320 556 352 rurs
745 303 750 314 ⁸

85 367 205 420 Pervolat,
218 375 241 414 et
251 377 318 414 notos
329 369 419 414 hinnitu
429 368 518 430 flagitat
528 385 613 425 amnes,

85 431 188 482 Naribus
199 433 313 480 accensis:
333 434 418 482 mulcet
429 433 525 481 secundo
535 437 657 498 magistros

85 497 145 560 Spes
155 497 243 558 gregis,
255 505 278 544 et
288 498 381 559 pulchro
392 497 493 560 gaudent
502 509 603 548 armenta
613 501 705 550 merito:

120 561 239 610 Candidus
250 563 335 610 interes
345 563 424 624 positis
434 564 547 611 exercitus
557 567 626 613 ermis
710 567 758 615 295

85 626 198 675 Exsultat
209 642 311 674 socerum
323 629 383 674 circu
389 644 398 684 3
415 643 456 674 nec
467 629 562 690 signifer
572 631 639 685 ullus,
743 633 746 640 '

87 691 141 744 Nec
152 692 225 744 miles,
234 691 317 754 pluviae
328 691 396 738 flores
407 692 536 754 dispergere
546 694 591 740 ritu

88 755 178 810 Cessat,
191 772 349 818 purpureoque
360 757 440 803 ducem
450 757 585 818 perfundere
595 759 679 807 nimbo.

88 821 151 868 Haec
163 837 252 882 quoque
263 821 331 869 velati
341 822 404 868 lsuro
415 829 536 883 myrtoque
546 826 671 872 canebant:

121 894 137 915 ⁴⁸
144 885 209 934 Dive
219 902 307 948 parens,
320 902 360 934 ssu
368 895 392 933 te
402 888 559 948 complectitur
568 889 617 936 exis
628 888 729 952 Olympi,

87 952 134 998 Seu
146 951 202 996 colis
213 951 312 1012 Elysias,
323 953 447 998 animarum
457 953 557 1013 premia.
568 953 646 1008 velles,
712 958 757 1001 sol

79 1016 128 1065 ffEu
139 1016 251 1078 promissa
261 1017 301 1063 tibi
312 1017 422 1064 Stilichon
428 1017 478 1078 jam
488 1025 543 1064 rota
552 1021 654 1081 peregitz

87 1080 141 1129 Jnm
153 1088 227 1142 gratae
235 1078 323 1128 mttere
332 1082 394 1128 vices
403 1099 408 1127 :
428 1083 539 1139 cunabula
545 1092 641 1145 pensate

87 1145 217 1207 Acceptum
230 1147 302 1192 reddit
312 1146 449 1193 thalamum:
468 1154 566 1208 natoque
576 1151 670 1212 reponit,

90 1210 162 1264 Quod
170 1210 263 1257 dederas
273 1212 369 1273 genitor.
390 1209 514 1272 Nunquam
522 1220 552 1266 te,
565 1222 650 1270 sancte,
661 1214 746 1278 pigebit

89 1275 188 1325 Judlcii:
209 1291 251 1322 nco
263 1283 285 1322 te
296 1277 367 1338 pietas
375 1291 480 1337 supreme
489 1275 575 1324 fefellit.
711 1284 762 1327 806

89 1339 193 1402 Dignus,
206 1356 274 1401 quem
285 1341 386 1402 legeres;
404 1340 494 1402 dignus,
507 1343 543 1388 cui
553 1344 649 1405 pignora
658 1345 716 1391 tanti
759 1359 766 1368 ·

6 1425 16 1446 r·
89 1401 210 1466 Principis,
223 1413 247 1452 et
257 1421 332 1452 rerum
343 1406 553 1453 commendarentur
563 1409 662 1455 lichenes.

90 1469 178 1517 Dicere
189 1485 249 1516 nunc
260 1486 357 1532 possem,
370 1485 421 1531 quoe
432 1471 511 1532 proelia
521 1480 587 1534 geste
598 1475 639 1519 sub
650 1473 744 1529 Haemo,

91 1534 198 1596 Quaeque
209 1533 347 1582 cruentirint
357 1535 482 1582 fumantem
494 1536 617 1596 Strymone
623 1553 724 1599 pugnae3
739 1558 742 1563 ·

91 1599 169 1654 Quam
178 1607 247 1646 notus
258 1600 345 1660 clypeo,
357 1598 441 1660 quanti
452 1600 476 1647 vi
485 1599 590 1646 fulminet
600 1602 702 1660 hostem3
714 1606 760 1650 su

91 1664 125 1712 Νι
136 1665 264 1725 prohiberet
275 1663 378 1725 Hymen.
398 1665 458 1718 Quae
469 1665 602 1726 tempestive
613 1665 691 1720 relatu,

91 1729 164 1776 Nunc
175 1731 283 1775 canimus·
304 1729 363 1782 Quis
374 1729 475 1781 consilio,
487 1723 602 1791 quis⁰juris
611 1737 636 1777 et
646 1731 704 1792 requi

92 1792 171 1840 Ndsse
182 1793 282 1847 moduni,
294 1793 391 1840 melior?
409 1794 469 1854 quod
481 1810 569 1856 semper
579 1795 677 1851 dissidet,
688 1797 712 1842 in
720 1804 744 1843 te

94 1857 217 1912 convenit,
230 1859 322 1919 ingenio
334 1860 407 1912 robur,
419 1858 538 1920 prudentis
547 1859 607 1905 forti.
714 1864 764 1910 31⁵

94 1921 182 1970 Fronte
193 1923 244 1983 quis
255 1923 352 1983 aequali?
369 1937 435 1984 quern
447 1924 480 1969 sic
490 1924 596 1971 Romanu
606 1924 712 1972 decerent

95 1985 221 2040 Culrninui
239 1985 367 2034 sufficerent
377 1987 446 2033 tantis
456 2003 509 2048 quse
515 1997 607 2050 pectora
617 1991 697 2038 curis?

94 2053 147 2100 Stes
159 2053 212 2098 licet
222 2052 247 2097 in
256 2052 355 2113 populo;
372 2053 461 2106 clamet,
473 2053 608 2114 quicumque
618 2054 708 2111 ridebit,
742 2047 746 2061 ¹

94 2117 144 2164 Hic
155 2125 196 2171 est,
209 2117 245 2162 hic
257 2111 383 2163 Stilichoni
403 2117 434 2162 sic
446 2133 471 2164 se
481 2119 576 2164 teststdr
586 2126 609 2165 et
620 2118 686 2167 offert

96 2181 166 2230 Celsa
177 2182 295 2242 potestatis
304 2182 402 2242 species;
420 2197 466 2228 non
477 2197 534 2229 voce
543 2181 620 2238 feroci,
718 2181 768 2234 820

94 2245 152 2294 Non
163 2247 210 2293 alto
221 2247 325 2292 simulata
335 2247 414 2307 gradu,
427 2261 472 2293 non
483 2247 583 2308 improba
592 2256 667 2310 gestu.

92 2310 210 2360 Affectant
222 2311 258 2356 alii
270 2311 383 2371 quidquid,
397 2310 497 2372 fingique
505 2312 612 2365 laborant,

96 2375 153 2424 Hoc
164 2376 234 2421 donat
245 2374 335 2422 Natura
346 2376 391 2422 tibi.
411 2374 489 2421 Pudor
499 2377 580 2422 emicat
591 2374 643 2430 und,

96 2439 268 2500 Formosusque
278 2440 355 2501 rigor:
374 2439 495 2500 vultusque
505 2449 597 2486 auctura
607 2443 717 2489 verendos

97 2504 200 2554 Canities
210 2505 293 2551 festina
304 2503 366 2551 venit
373 2521 381 2560 3
400 2500 470 2566 [cum‚
483 2511 544 2550 sorte
554 2505 669 2570 remum]
721 2509 769 2553 825

17 2609 23 2614 .
97 2569 244 2632 Contingunt
253 2569 399 2631 gravitasque
410 2565 465 2621 seni,
475 2569 694 2630 viresquejuveutae.
788 2625 801 2639 Ι

99 2634 203 2695 Utroque
215 2641 238 2680 te
249 2633 321 2694 cingit
331 2632 426 2695 propriis
436 2632 561 2694 insignitus
572 2640 635 2680 κω.
