1892 2892
235 433 238 440 ·
264 411 332 479 ou.
356 371 620 481 annuorum
648 457 651 462 -

228 553 280 602 DE
296 556 426 606 TERTIO
444 556 657 608 CONSULATU
725 585 728 590 ·

169 677 428 750 HONORII
458 685 717 753 AUGUSTI

137 810 140 816 '
320 787 565 883 'rutinorum

391 1000 502 1046 -φ-

324 1140 563 1196 PRAEFATIO.

104 1269 205 1319 Psnvos
216 1285 264 1318 non
274 1271 353 1333 equilis
362 1271 397 1320 fus
408 1279 443 1320 est
454 1273 549 1321 educere
558 1273 625 1330 fetus,

139 1337 204 1384 Ante
213 1336 281 1384 fidem
293 1336 353 1391 solis,
362 1339 518 1400 judiciumque
528 1335 591 1401 polis

106 1398 169 1448 Num
181 1409 252 1464 pater,
265 1417 360 1448 excusso
372 1403 438 1450 soluit
448 1419 501 1450 oum
512 1405 613 1466 tegmine
622 1403 704 1467 proles,

141 1465 238 1528 Ovaque
247 1475 362 1514 maternus
374 1468 433 1530 rupit
443 1468 517 1515 hiulco
527 1476 599 1530 tepor,

106 1528 216 1579 Protinus
227 1531 347 1593 implumes
358 1533 469 1579 convertit
479 1533 508 1579 nd
519 1534 603 1580 aetheru
613 1533 686 1588 nidos,
764 1531 781 1579 5

132 1595 174 1660 ,Et
185 1604 248 1644 recto
259 1593 361 1644 flummsr
372 1598 466 1658 imperat
477 1613 517 1643 ore
527 1598 581 1660 poti.

108 1655 215 1710 Consulit
226 1660 329 1708 ardentes
341 1662 413 1708 radios
420 1678 428 1718 ;
445 1669 475 1716 et,
487 1663 538 1708 luce
549 1658 664 1723 magistri,

139 1725 255 1772 Natorum
267 1725 326 1772 vires
337 1727 497 1788 ingeniumque
508 1727 594 1788 prohat

107 1789 244 1852 Degeneres
256 1789 336 1852 refugo
347 1791 413 1836 torsit
423 1791 461 1852 qui
472 1791 558 1837 lumine
568 1791 638 1846 visus,

140 1854 264 1916 Unguibus
275 1856 335 1901 hunc
346 1855 413 1902 saevis
425 1855 457 1902 irs
467 1855 628 1917 potemnlerit.
750 1857 783 1902 to

107 1917 274 1981 Exploratores
283 1920 353 1966 oculis
365 1920 402 1980 qui
413 1920 505 1980 pertulit
515 1920 587 1982 ignee,
601 1966 603 1968 .

140 1985 298 2045 sustinuitque
309 1985 356 2031 acie
366 1984 476 2031 nobiliore
487 1985 553 2038 diem,

106 2047 222 2101 Nutritur,
234 2049 398 2113 yolucrumque
408 2057 497 2110 potens,
509 2057 533 2095 et
543 2048 643 2097 fulminis
653 2049 733 2105 haren,

140 2113 256 2160 Gesturus
267 2129 356 2160 summo
367 2114 412 2160 tela
423 2114 515 2160 trisulco
524 2113 586 2162 Jovi.

7 2213 24 2241 5
107 2177 151 2226 Me
163 2193 260 2238 quoque,
273 2177 354 2224 Pieriis
366 2186 478 2225 tentatum
489 2179 571 2240 saepius
581 2179 659 2234 antris,
753 2180 784 2227 15

7 2251 9 2260 ’
139 2242 218 2289 Audet
229 2257 313 2306 magna
325 2259 366 2290 suo
377 2244 467 2290 mittere
478 2243 554 2290 Romu
565 2244 625 2291 Deo.

103 2306 160 2356 Jam
172 2304 275 2354 dominus
286 2323 359 2362 nureo,
367 2309 415 2370 jum
428 2308 490 2370 regin
500 2316 567 2363 tectu,
579 2323 707 2368 merentum

137 2372 173 2420 Et
183 2373 269 2435 chelys,
281 2373 390 2435 Augusto
397 2373 481 2436 judice,
493 2380 572 2421 nostru
582 2380 655 2422 toust.
