1892 2892
53 136 58 141 ·
160 126 210 170 210
305 118 418 170 lta-vt.
436 119 533 170 CONS.
551 119 681 170 HONOR.

153 250 276 306 Murmun
292 255 323 302 et,
335 250 458 296 umbonum
469 249 535 310 pulsu
545 249 675 297 modulante
687 252 804 307 roeultsus.

152 315 249 362 Ferreus
259 313 346 369 alterno
356 320 480 368 concentus
491 312 602 359 clauditur
611 328 672 360 ense.
772 322 823 366 eso

152 379 207 426 Una
218 378 292 425 omnis
302 378 411 424 submissa
421 377 525 440 pbslanx,
537 384 651 438 tantaeque
662 376 761 428 salutant
824 405 829 414 x

149 442 193 501 Te,
206 443 322 504 Princeps,
334 443 414 504 guleoe.
429 441 522 488 Partitis
532 442 584 488 inde
595 443 697 498 cateruis,

149 506 178 553 In
190 507 264 555 vados
275 507 342 553 docto
352 506 484 552 discurritur
494 507 572 553 ordine
582 521 659 567 gyros,

149 571 216 626 Quos
226 584 299 633 neque
309 571 407 618 semiviri
418 570 533 630 Gortynia
543 571 710 632 teotaJusenci,

149 636 256 683 Flumina
265 651 308 682 neo
318 637 396 682 crebro
405 636 499 681 vincant
510 634 636 680 Maeandria
646 634 714 682 flexu.
767 640 828 686 63⁵·-

147 700 256 749 Discreto
267 700 369 747 revoluta
378 699 458 761 gradu,
470 705 603 758 torquentur
612 699 636 745 iu
646 701 711 746 orbes

147 763 752 891 iffilnissnffiilfflilillilgli?§llll

727 861 735 885 θ

146 897 270 942 Armorum
280 894 391 939 innocuos
400 893 450 954 paci
458 892 555 954 largitur
564 892 669 939 honores.

146 959 243 1020 Jamque
254 972 339 1004 novum
349 957 414 1002 fastis
424 957 495 1018 aperit
504 955 605 1002 felicibus
615 972 706 1014 annum,
766 964 817 1008 640

146 1024 194 1070 Ore
204 1028 324 1069 coronatus
333 1021 425 1082 gesnino
431 1038 440 1078 ς
447 1023 501 1082 *jans
512 1019 610 1081 Thybris
620 1021 644 1067 in
655 1035 701 1068 uno

145 1087 179 1135 Et
190 1087 257 1132 Bruti
268 1086 338 1132 cernit
348 1086 442 1137 trabeas,
454 1093 478 1132 et
490 1092 576 1146 sceptra
587 1083 686 1138 Quirini.

145 1149 247 1199 Consule
256 1150 345 1196 loetstur
355 1157 408 1211 post
417 1150 512 1210 plurima
523 1150 605 1196 saecula
615 1150 665 1196 viso

144 1214 273 1262 Pallanteus
283 1229 354 1276 apex:
372 1221 500 1276 agnoscunt
511 1213 595 1260 Rostra
605 1215 693 1262 curules

143 1280 240 1327 Auditus
250 1279 363 1340 quondam
373 1279 461 1340 proavis
467 1296 476 1336 ;
493 1278 629 1339 desuetaque
639 1279 710 1342 cingit
763 1283 813 1330 6²15

142 1343 231 1407 Regius
242 1345 324 1391 auratis
333 1343 383 1389 fors
391 1342 488 1389 insorbus
501 1342 569 1404 Ulpia
578 1343 651 1390 lictor.

142 1407 177 1456 Et
187 1416 263 1461 sextas,
274 1405 355 1456 Getici
365 1408 490 1470 praevelans
499 1407 579 1454 fronde
590 1423 686 1463 secures,

143 1472 210 1522 Colla
220 1473 348 1535 triumphati
355 1472 473 1539 proculcat
485 1471 603 1518 Honorius
615 1470 676 1518 Istri.

141 1538 218 1586 Exeat
228 1538 252 1584 in
262 1537 357 1600 populos
365 1534 454 1588 eunetis
465 1536 572 1582 illustrior
582 1551 663 1591 annus,

141 1602 217 1650 Natus
227 1601 291 1650 tonte
301 1618 355 1659 suo;
374 1585 445 1663 qubin'
450 1606 499 1675 trop
509 1601 581 1647 uliena
590 1617 631 1662 per
641 1617 694 1649 arva
759 1607 811 1653 650

87 1676 89 1683 ’
140 1665 219 1714 Induit
229 1668 310 1728 hospes
320 1667 407 1723 bonos;
424 1665 607 1728 eujus'ounabuls
616 1664 674 1712 fovit

141 1730 225 1789 euri„
242 1746 308 1791 quem
320 1731 385 1793 primi
395 1730 486 1777 tandem
496 1726 572 1781 videre
584 1728 700 1788 Quirites;

140 1795 216 1850 Quem
227 1794 317 1842 domitis
327 1809 412 1855 auspex
421 1794 507 1856 peperit
518 1784 620 1841 Vsotoris
629 1795 700 1842 bellis.

139 1860 211 1909 Hune
222 1867 245 1907 et
254 1859 334 1922 privati
345 1859 416 1904 titulis
425 1857 584 1904 famulantibus
594 1859 653 1913 anni,

138 1925 172 1973 Et
182 1939 239 1985 quos
249 1924 385 2001 armipotens
395 1924 492 1984 genitor,
505 1930 608 1984 retroque
618 1924 703 1984 priores
757 1927 807 1975 655

136 1988 243 2037 Diversis
253 2003 345 2050 gessere
354 1988 416 2041 loeis,
429 2003 471 2034 eeu
483 1987 583 2050 Numen,
595 1987 695 2035 adorent.

137 2052 210 2099 Hune
220 2059 244 2099 et
254 2053 351 2113 quinque
360 2052 401 2105 tui,
413 2052 449 2098 vel
460 2067 517 2112 quos
528 2053 642 2098 habiturus
652 2052 675 2098 iu
687 2053 763 2102 orbem

137 2115 196 2164 Post
206 2117 268 2170 alios,
281 2118 394 2178 Auguste,
407 2117 495 2162 colant:
514 2116 567 2163 licet
578 2131 636 2162 unus
646 2117 670 2162 in
681 2133 760 2166 omnes

136 2180 224 2230 Consul
234 2197 279 2234 eas,
291 2196 375 2243 magno
386 2188 463 2227 sextus
473 2189 549 2227 tamen
559 2181 602 2228 iste
613 2182 711 2244 superbit

135 2243 242 2301 Nomine,
254 2246 373 2315 prretesitis
383 2245 469 2300 melior,
481 2245 622 2294 venientibus
632 2253 717 2312 auctor·
