1892 2892
170 70 203 114 ro
305 39 713 119 nnrv.consisonon1t

172 194 220 246 Pro
231 209 305 240 rernm
317 193 389 241 stabili
399 192 470 242 fertur
481 193 568 240 ditione
577 195 678 242 loeutus:

173 259 223 306 “Si
235 259 273 306 tibi
285 258 423 306 Parthorum
435 259 515 306 solium
528 257 630 306 Fortuna
640 260 745 315 dedisset,

172 321 233 374 Cure
242 340 304 385 puer,
317 325 426 384 terrisque
437 324 516 386 procui
526 325 666 372 venerandus
679 325 745 380 Eois,
795 329 847 377 216

172 387 286 436 Barbarus
294 388 389 435 Arsacio
398 398 546 451 consurgeret
555 405 596 435 ore
606 390 686 447 tiaras3

174 453 292 516 Sufficeret
303 455 397 500 sublime
407 469 487 515 genus,
498 455 599 514 luxuque
609 453 718 504 fluentem

174 517 261 568 Deside
270 519 373 566 nobilitas
383 526 460 580 posset
471 527 495 564 te
505 519 553 565 solu
564 522 628 566 tueri.

174 583 254 630 Altera
265 582 377 630 Romanae
388 584 457 645 longe
467 584 591 630 rectoribus
598 584 657 630 nulae
725 580 727 585 ’

176 646 298 696 Conditio:
318 649 401 695 virtute
409 648 481 702 decet,
493 663 539 694 non
551 642 667 710 sunguine,
679 649 729 697 niti.
797 656 849 700 m

175 712 253 775 Major
261 721 284 760 et
295 713 370 760 utilior
377 713 424 760 foto
436 715 556 775 conjunctu
566 715 660 774 potenti,

176 778 230 824 Vile
238 779 317 831 lutens,
330 779 415 826 virtus:
434 779 488 839 quid
498 778 559 824 enim
567 779 682 826 submersa
692 781 790 829 terebris

176 843 282 900 Proderit
290 843 402 890 obscuro?
419 843 489 890 veluti
500 843 549 890 sine
554 844 646 904 remige
655 845 735 905 puppis
739 862 748 901 ς

176 908 223 955 Vel
233 909 289 971 lyra,
301 923 352 968 quae
360 909 452 964 πεύσεις
470 907 514 961 vei,
523 907 618 968 quinon
629 909 735 962 tenditur,
747 925 823 960 meus.

177 973 247 1020 Hane
255 982 330 1019 tumen
341 972 400 1019 hund
410 973 535 1032 quisquam,
547 973 585 1033 qni
596 987 642 1018 non
650 975 769 1035 agnoverit
778 985 837 1024 unte

177 1039 261 1090 Semet,
274 1044 297 1084 et
307 1037 405 1083 incertos
416 1037 484 1082 animi
496 1037 609 1098 pacaverit
620 1045 696 1092 cestus,
798 1047 849 1089 ‘m

177 1100 296 1149 Inveniet:
315 1102 390 1164 longis
402 1102 454 1148 illuc
465 1103 596 1162 ambagibus
606 1102 658 1148 itur.

176 1167 249 1220 Disce
260 1167 314 1218 orbi,
327 1166 492 1226 quodquisque
503 1167 550 1212 sint
568 1164 628 1214 Cum
636 1167 743 1215 conderet
752 1176 817 1217 ortu·

177 1232 284 1284 Nostros,
298 1231 396 1278 aetheriis
407 1230 601 1278 miscensterrenu
613 1230 770 1291 Prometheus,

179 1297 294 1344 Sinceram
305 1297 378 1357 patrio
389 1303 488 1342 mentem
499 1295 586 1342 furatus
594 1295 701 1358 Olympo,
800 1303 851 1346 280

179 1361 298 1410 Continuit
308 1361 417 1414 claustris,
430 1361 630 1422 indignantemque
640 1362 745 1409 revinxit.

177 1426 219 1479 Et,
232 1441 283 1473 cum
292 1440 338 1472 non
346 1426 410 1472 niiter
417 1433 510 1488 possent
518 1426 620 1472 mortuliu
630 1425 693 1486 fingi,

179 1492 291 1554 Adjunxit
301 1491 418 1553 geminas:
436 1491 490 1544 itlae,
502 1505 553 1536 oum
564 1506 659 1552 corpore
668 1491 744 1552 lupsae,

179 1555 311 1604 Intereunt:
331 1557 380 1603 haeo
391 1557 438 1604 sols
449 1564 533 1609 munet,
542 1556 653 1616 bustoque
664 1563 777 1617 superstes

178 1621 276 1669 Evolat:
296 1622 354 1667 hanc
364 1619 409 1668 altri
420 1622 499 1682 cupitis
509 1619 612 1667 fundavit
621 1621 645 1669 in
656 1635 714 1674 eree,
799 1625 851 1673 285

178 1685 344 1734 Mandutricem
356 1701 457 1747 operum,
469 1693 683 1746 prospecturamque
692 1686 771 1734 innon·

158 1787 160 1791 .
179 1749 234 1798 Illas
245 1750 337 1797 inferius
348 1751 414 1804 colio,
427 1758 583 1812 praeceptnque
594 1765 689 1797 summm

180 1813 290 1864 Passurus
301 1815 405 1868 dominre,
418 1813 488 1876 digni
498 1815 594 1862 statione
604 1815 694 1862 locavit.

180 1881 271 1942 Quippe
282 1880 365 1941 opifex,
377 1879 462 1927 veritus
473 1878 611 1927 confundere
621 1895 684 1927 suern
694 1880 801 1942 profanis,
850 1879 854 1886 ’
924 1866 925 1953 i

179 1944 303 1993 Distribuit
314 1953 387 2007 partes
398 1945 488 1997 nnimae,
501 1945 608 2004 eademne
618 1945 721 2002 removit·
801 1951 851 1997 240

180 2010 242 2057 Iram
252 2011 369 2072 sanguinei
381 2011 444 2071 regio
455 2010 679 2071 subpeetorecordn
923 2020 924 2023 ’

182 2074 288 2136 Protegit
299 2075 405 2122 imbutam
415 2074 519 2128 flammis,
531 2074 663 2134 avidamque
673 2075 777 2130 nocendi,
852 2108 855 2116 .
923 2050 924 2129 i

182 2139 370 2200 Praecipitemque
381 2139 423 2185 sui.
442 2139 515 2186 Rnbie
525 2154 633 2186 sumcensu
641 2139 759 2186 tumescit:

182 2201 330 2260 contrahitur
339 2201 487 2268 [stupefacto]
496 2212 571 2252 metu:
583 2219 681 2264 eumque
689 2205 765 2251 omnis
775 2221 851 2254 tet-sm
922 2228 923 2249 i

182 2269 292 2322 Duceret,
305 2277 328 2316 et
339 2269 436 2329 requiem
448 2269 553 2316 membris
564 2284 648 2316 vesunt
657 2278 766 2331 negarem
803 2276 852 2322 245

184 2331 276 2394 Invenit
285 2334 398 2396 pulmonis
407 2349 480 2396 opem,
492 2334 649 2394 madidumque
658 2335 743 2381 furenti

183 2397 291 2452 Praebuit,
302 2407 330 2458 ,ut
341 2399 434 2446 tumide
443 2407 534 2447 ruerent
544 2400 568 2444 in
578 2399 654 2446 mollin
662 2398 732 2446 fibrae.

182 2463 218 2512 At
229 2463 270 2510 ribi
281 2471 362 2520 cuneta
372 2471 458 2525 petens.
471 2465 504 2510 nil
514 2464 622 2511 collsturn
633 2461 730 2526 Cupido,

184 2525 214 2573 In
221 2529 287 2589 jecur
297 2536 321 2574 et
331 2536 416 2576 tractus
428 2530 487 2576 intes
496 2529 613 2590 compulsu
620 2531 720 2576 recessit.
741 2559 748 2572 .

187 2590 255 2648 Qun,
268 2593 330 2652 velut
342 2593 453 2652 inmunes
460 2593 611 2656 Wdum
622 2593 695 2643 bellus
705 2594 784 2651 rietus,
796 2635 800 2641 .
812 2600 858 2648 250
920 2610 921 2651 i
