1892 2892
155 117 188 165 42
288 107 342 160 ml
355 106 404 159 Ill.
416 105 513 160 CONS‘.
527 106 688 158 HONORII.

156 237 238 292 lrstus,
251 237 380 286 stimulante
390 235 462 291 Noto,
474 235 577 297 vivitque
586 236 682 299 receptis
763 237 830 282 2140
929 215 934 219 ’

157 302 267 356 Flatibus,
278 309 303 349 et
312 303 375 348 vario
385 303 494 348 mentitur
504 301 567 348 sibile
577 309 658 348 tractu

191 367 226 414 Ut
236 374 330 414 ventum
341 367 369 414 ed
381 367 450 419 redes.
463 373 560 412 cunctos
568 365 681 414 discedere
691 364 759 412 tectis

150 431 217 484 :Dux
223 433 295 494 jubet,
307 438 330 478 et
341 446 450 492 generum
461 431 582 492 compellet
591 432 673 477 talibus
683 429 758 476 ultro:

159 497 325 559 “Bellipotens
336 495 455 550 Stilichon,
466 497 530 557 cujus
540 496 595 541 mihi
605 496 673 542 robur
683 495 707 540 in
718 494 795 547 nmis,

160 561 221 610 Pace
231 563 323 624 probata
333 560 401 608 fides:
421 560 475 621 quid
484 559 545 606 enim
555 576 595 622 per
604 560 684 622 proelis
693 559 755 621 μί
782 560 830 606 145

159 627 197 676 Te
207 627 271 674 sine?
288 641 355 687 quem
365 627 444 678 merui,
457 633 481 671 te
491 639 537 670 non
548 624 649 676 sudante,
661 623 819 686 triumphum?

159 692 283 754 Odrysium
294 690 376 754 puriter
387 690 470 738 Getico
481 688 617 736 loedavimus
628 688 733 735 Hebrum

154 757 289 819 ¹Sanguine:
310 755 445 804 Sanneticss
454 754 537 816 pariter
546 755 709 815 prostravimus
718 753 781 812 ὼς

160 819 302 884 Rhipaeique
312 821 379 869 simul
386 819 460 866 fessos
470 819 611 880 porreximus
621 826 684 865 ortus

162 885 192 934 In
203 887 282 949 glacie,
295 893 436 944 stantemque
447 881 497 931 rost
507 883 644 930 sulcavimus
655 881 748 929 lstrnrru
783 884 834 930 150

161 952 228 1014 Ergo
239 963 288 1013 nge,
302 951 351 1013 (me
361 949 466 1010 quoniam
478 948 576 995 scelestis
587 947 650 1009 regis
659 944 743 1009 poscit)

110 1051 116 1064 .
161 1016 200 1064 Tu
211 1015 270 1062 cur'is
281 1013 376 1063 succede
385 1013 455 1060 meis:
475 1021 499 1059 tu
510 1013 606 1074 pignora
616 1012 678 1059 solus

161 1080 250 1130 Nostra
259 1079 325 1126 love:
344 1078 448 1140 geminos
458 1076 538 1125 dextri
551 1085 576 1124 tu
587 1084 681 1139 protege
690 1075 781 1125 frstres.

162 1144 209 1194 Per
219 1143 399 1206 consanguineos
408 1143 526 1195 thalamos,
538 1150 674 1202 noctemque
682 1144 778 1197 Mne,

162 1209 209 1258 Per
219 1208 296 1270 tedas.
308 1223 365 1268 quss
375 1208 423 1270 ips's
433 1215 473 1254 tuo
484 1207 563 1269 regios
572 1208 656 1254 bresit
782 1209 832 1255 1⁵⁵

164 1273 286 1336 conjugio,
299 1271 403 1334 sociique
413 1287 495 1320 nurum
506 1272 612 1334 produxit
621 1273 650 1318 sb
659 1270 718 1326 suli,

163 1338 237 1386 Indue
246 1345 323 1384 mente
333 1345 432 1399 putrem:
451 1345 578 1384 crescentes
589 1337 657 1398 dilige
666 1337 733 1390 fetus,
746 1388 750 1396 ⁸

158 1403 209 1458 ,Ut
222 1403 291 1456 ducis,
303 1409 330 1452 ut
340 1402 411 1448 soceri
417 1403 510 1463 Jstam
522 1417 621 1454 securus.
634 1402 661 1448 sd
672 1412 740 1455 ostro,
843 1415 847 1422 ·

163 1467 201 1516 Te
211 1467 310 1521 custode,
322 1465 388 1514 ferar.
407 1464 485 1528 Ruptsi
496 1467 514 1512 si
526 1467 586 1512 mole
595 1465 719 1527 Typhoeus

163 1533 252 1580 Vinclis
263 1533 370 1595 pmsiliat,
381 1531 464 1594 Tityos
475 1532 494 1578 si
504 1532 604 1577 membre
614 1531 719 1585 resolvet,
776 1534 835 1578 Ι160
879 1525 884 1536 ’

165 1599 190 1648 si
201 1599 264 1646 furor
274 1597 383 1645 Enceladi
394 1594 493 1659 projecti
503 1596 590 1658 mugiat
600 1594 680 1648 AEtni,

166 1663 278 1726 opposito
289 1662 413 1711 Stilichone
424 1659 531 1710 cedent.”
549 1659 600 1708 Nec
609 1660 674 1721 plurs
683 1660 781 1713 locutus.

166 1729 231 1776 Sicut
241 1733 295 1780 erst.
307 1726 391 1787 liquido
402 1725 501 1787 signavit
510 1725 600 1773 tremite
609 1726 687 1778 nubes,

166 1789 340 1856 Ingrediturque
350 1791 442 1852 globum
454 1789 536 1843 Lusis,
547 1790 661 1849 limenque
670 1788 775 1850 relinquit

166 1857 276 1910 Arcados,
288 1863 312 1902 et
324 1854 420 1901 Veneris
430 1855 552 1901 clementes
561 1853 652 1901 sdvolst
661 1869 733 1901 suras.
788 1857 836 1902 165

166 1921 230 1970 Hinc
242 1919 322 1967 Plroebi
333 1934 463 1981 permensus
473 1919 524 1972 iter,
537 1918 695 1979 flammamque
705 1928 826 1966 nocentem

167 1986 270 2036 Gradivi.
282 1984 437 2046 placidumque
447 1974 540 2036 lovem:
550 1983 613 2030 stetit
622 1999 674 2030 sree
684 1982 796 2046 supremi,

165 2047 262 2112 Algenti
272 2047 317 2110 qud
327 2063 387 2096 zona
397 2049 456 2110 riget
467 2047 571 2096 Saturnis
581 2055 662 2095 metu.

167 2113 276 2164 Machina
285 2113 373 2160 luatur
383 2113 442 2167 coeli,
454 2114 571 2174 rutilaeque
579 2119 698 2175 patescunt

168 2177 338 2242 Sponteloress
357 2178 628 2240 Arctospsrstconvexs
639 2177 742 2237 Bootcs3
788 2181 837 2227 1⁷0
929 2232 935 2237 ‚

167 2242 286 2294 Australes
297 2250 380 2290 reserat
390 2250 465 2304 portas
476 2243 604 2289 succinctus
613 2231 701 2299 Orion3
737 2271 742 2278 ·

168 2308 314 2368 invitantque
326 2322 410 2354 novum
422 2306 491 2360 sidus,
502 2303 644 2368 pendentque
654 2306 763 2362 vicissim,

169 2372 234 2426 Quas
244 2380 318 2434 partes
329 2373 384 2418 velit
393 2371 431 2417 ille
442 2371 512 2432 sequi,
523 2371 602 2430 quibus
612 2385 662 2418 esse
673 2371 756 2418 sodslis

168 2427 286 2498 Dignetur
296 2436 373 2489 stellis,
385 2443 424 2482 aut
434 2433 480 2496 quir
491 2435 582 2495 regione
592 2435 687 2482 moveri·

168 2501 191 2547 0
203 2501 270 2547 decus
281 2501 404 2552 aetherium,
417 2507 527 2546 terrarum
537 2500 609 2560 gloria
618 2499 745 2560 quondam!
777 2504 836 2551 ,175

168 2563 204 2610 Te
214 2559 266 2610 tuns
278 2563 381 2610 Oceanus
393 2564 460 2609 natali
470 2563 563 2624 gurgite
572 2563 654 2610 lsssuur

167 2627 270 2694 Excipit,
279 2635 303 2676 et
313 2627 372 2676 notis
383 2627 496 2704 Hispuuia
503 2627 587 2698 proluit
597 2628 673 2683 nudis,
