1892 2892
159 97 218 143 208-
309 88 536 142 mutunus
550 87 694 139 HONOR*

160 223 238 284 Atque
248 222 355 286 Auguste
365 238 437 276 soror,
449 222 635 285 frutriproeberet
646 221 723 268 ovsnti
855 175 864 214 d

163 287 246 335 Militis
257 288 393 349 obwquium
413 288 451 334 Sic
461 287 524 333 ilium
534 287 591 333 durs
600 286 699 348 parentis
761 291 763 298 ’

163 351 265 400 Instituit
275 354 353 413 pietas,
365 353 389 398 in
400 353 472 398 nevel
482 353 577 414 pignore
587 351 663 413 purci;
784 350 836 397 555

164 415 254 477 Quique
265 424 333 480 neget
344 425 406 469 nuto.
417 431 535 478 procerum
547 416 607 476 quo'd
618 420 710 477 prestet
719 414 810 460 honori.

196 481 258 528 Haec
269 482 309 528 sibi
319 497 373 528 curn
384 495 470 534 senum,
483 487 614 541 matureque
622 479 752 540 comprobat
761 486 840 526 setes:-

164 545 251 606 quue'
245 554 304 593 mter
314 547 396 593 veteris
407 547 504 608 speciem
515 545 632 620 praesentis
644 551 666 590 et
677 543 736 590 aule

95 633 104 652 o
163 610 262 666 Judicnt,
274 612 363 657 hunc
344 625 425 663 ιιιειιι,
436 610 540 656 dominos
551 609 640 655 venisse
649 607 743 670 pn'ores.

198 674 338 738 Conspicuus
345 684 393 722 tum
402 674 458 721 flore
466 689 544 736 genas.
552 673 676 720 diademate
683 672 776 725 crineum
786 673 837 718 560

164 739 314 802 Membraque
323 747 438 803 gemmmo
448 740 531 785 trebete
541 729 659 784 viridantis
669 736 752 791 cinctu
835 727 857 760 ³²

165 804 199 851 Et
207 805 278 851 fortes
289 806 402 858 humeros,
414 813 437 850 et
448 810 560 850 certaturn
572 801 645 862 Lyaeo

165 868 230 916 Inter
240 869 372 931 Erythrrens
383 869 499 930 surgentis
509 867 567 914 collo
578 865 716 928 smaragdos,

166 933 276 980 Miruri¹
258 949 307 980 erne
315 934 361 983 tine
371 947 455 979 nurus:
473 933 596 994 ignaraque
607 931 679 991 virgo,

166 996 211 1045 Cui
222 999 317 1059 simplex
327 998 385 1043 oniet
395 1013 435 1043 ore
446 997 524 1058 pudor,
537 1011 577 1058 per
588 995 677 1056 singule
687 991 816 1058 [cernens]

165 1061 285 1108 Nutricem
296 1063 409 1108 consultet
419 1076 495 1114 noum,
507 1060 560 1122 quid
570 1059 616 1106 fixe
626 1059 747 1105 draconum
786 1061 836 1104 566

166 1125 215 1172 οη
224 1125 312 1172 velint?
327 1127 401 1173 ventis
411 1125 508 1178 fluitent,
521 1141 549 1170 nn
561 1139 614 1170 vers
625 1123 738 1169 minentur

167 1189 242 1243 steila,
255 1205 387 1252 suspensum
398 1205 423 1235 ιι
422 1191 482 1252 pturi
492 1189 593 1236 faucibus
604 1186 710 1234 hostem?

168 1253 203 1300 Ut
213 1255 329 1316 chalybem
339 1207 438 1301 indutosp
441 1255 534 1314 equites,
547 1261 570 1300 et
580 1254 604 1298 in
615 1267 660 1298 rere
670 1251 767 1298 intentes

166 1318 232 1365 Vidit
242 1319 404 1397 cornipedes,
406 1317 527 1373 ‘Quanam
539 1318 567 1364 de
577 1315 662 1379 gente)
664 1314 783 1377 ’rogabat

168 1383 281 1432 “Feroci
292 1382 374 1431 venere
384 1383 443 1430 viri?
460 1399 512 1444 quae
522 1390 582 1428 terre
592 1381 682 1428 metello
788 1383 835 1428 571
938 1389 939 1394 ’

167 1447 295 1496 Nascentes
305 1448 411 1495 int'ormst
421 1447 510 1508 equos?
527 1461 581 1492 num
594 1445 703 1492 Lemnius
714 1451 794 1491 suntor

167 1513 261 1562 Addidit
272 1514 384 1560 hinnitum
393 1513 461 1566 ferro,
473 1511 635 1571 simulacraque
644 1509 696 1555 belli

168 1578 229 1626 Vive
239 1577 333 1625 dedit?'’
351 1578 443 1626 Gaudet
452 1584 564 1630 metuens,
575 1583 598 1622 et
608 1575 689 1635 pollice
699 1579 820 1627 monstrnt,

113 1646 117 1653 '
167 1643 238 1697 Quod
247 1644 369 1704 pinnmtu
379 1642 452 1704 guleoe
461 1640 562 1688 Junouis
573 1640 651 1686 cristus
785 1639 839 1685 575

166 1706 241 1754 Ornet
251 1707 307 1761 nris,
319 1707 356 1753 vei
366 1706 434 1783 quod,
446 1705 532 1766 rigidos
542 1705 627 1751 vibrntn
637 1717 677 1766 per
687 1715 770 1754 unnos,
846 1716 848 1725 ·

167 1771 246 1818 Rubro
256 1773 298 1818 sub
308 1778 379 1818 eruto
389 1771 515 1832 crispentur
526 1768 596 1816 series
606 1768 681 1814 dorso.

166 1834 228 1882 Tum
239 1836 278 1882 tibi
288 1849 422 1896 magnorum
433 1849 531 1881 mercem
543 1833 644 1880 Fortuna
654 1831 755 1878 tuborum

168 1897 289 1954 Persoivit,
301 1900 427 1957 Stilionem
443 1914 511 1945 curru
520 1913 574 1944 cum
584 1904 663 1944 vectus
673 1895 761 1948 eoderm

169 1962 233 2010 Urbe
243 1965 416 2026 tnumpbrntem
427 1979 536 2026 generum
547 1962 642 2009 florente
647 1957 744 2022 juvente
788 1960 841 2006 580

169 2027 318 2090 conspiceres
319 2029 445 2088 ‚iilumque
454 2029 513 2074 diem
525 2026 643 2073 subcorde
652 2023 755 2077 referres,

169 2093 224 2146 Quo
234 2092 280 2147 tibi,
292 2091 386 2140 confnt
395 2093 467 2139 dubiis
477 2091 596 2138 formidine
607 2090 679 2142 rebus,

151 2151 156 2158 ’
170 2157 284 2203 Infsntem
295 2157 385 2233 genitor
395 2157 493 2204 moriens
504 2156 617 2202 commisit
627 2153 738 2200 olendum.

170 2221 274 2268 Virtutes
284 2221 353 2268 serie
362 2220 450 2300 spectus
460 2218 551 2266 sensere
562 2225 677 2280 receptos;

169 2284 308 2346 Depositum
319 2283 420 2331 servisse
431 2284 513 2341 Fides;
532 2282 666 2331 Consumis
674 2295 770 2343 pervum
791 2282 843 2328 585
938 2305 939 2350 p

171 2347 306 2395 Prrefeeisse
316 2350 379 2406 orbi;
396 2348 472 2395 Pietss
482 2349 567 2394 fovisse
577 2348 735 2420 propinquum.

171 2410 219 2456 Hic
230 2419 266 2457 est
275 2412 314 2458 ille
323 2427 386 2473 puer,
398 2413 437 2472 qui
446 2427 509 2458 nunc
520 2413 548 2458 nd
559 2411 644 2458 Rostra
655 2408 759 2464 Quirites

170 2473 269 2527 Erocst,
280 2482 304 2521 et
315 2477 372 2522 sotio
381 2476 453 2523 fuitus
462 2476 572 2538 genitoris
582 2477 667 2522 eburm

171 2536 295 2582 Gestarum
306 2537 411 2587 Petrinus
421 2555 500 2587 ιιιιιι
510 2554 540 2586 ex
551 2539 628 2586 ordine
639 2551 721 2590 rerum·

171 2598 849 2668 vawmuesreiertsvetemmquseseophseoutus‚⁵eo
937 2633 938 2666 p
