1892 2892
212 85 350 138 auarus
367 87 532 138 Pausulae.
552 85 605 134 Lus.
621 84 655 134 ΙΙ.
724 89 771 133 287

103 214 307 266 ssmodoot'asci
317 217 407 267 Tanain
417 216 507 280 fregere
518 216 597 266 semri.
741 217 772 259 66

103 279 151 329 Aut
160 283 238 344 quales
249 283 349 331 referunt
359 283 452 332 Baccho
463 283 573 330 sollennia
583 279 699 343 Nymphae

103 345 220 403 aniae,
232 363 288 409 quas
300 347 403 395 Hermus
414 350 459 402 alit,
472 350 577 410 ripasque
586 354 691 408 paternas

103 408 241 460 Percurrunt
251 428 307 460 auro
316 414 425 470 madidae3
443 415 533 460 laetatur
544 413 568 458 in
579 418 644 458 antro

97 476 191 536 *Amnis
203 487 227 524 et
237 478 360 525 undantem
370 478 468 524 declinat
478 477 586 540 prodigus
597 490 684 522 urnam.
740 475 773 520 to

11 562 12 589 1
134 541 229 590 Viderat
239 543 335 589 herboso
345 558 433 590 sacrum
445 543 474 589 de
484 543 568 589 vertice
578 542 661 602 vulgus

103 603 195 661 Herna,
207 623 289 669 parens
298 607 396 666 tionum
413 606 527 668 curvique
536 608 560 652 in
571 606 630 652 valle
640 605 754 652 sedentem

11 698 12 713 1
104 669 230 733 compellat
241 672 384 734 Zephyrum²
405 680 420 703 ¹⁴
430 672 499 720 Pater
509 689 524 717 ο
534 671 661 734 gratissime
672 669 738 723 veris.

104 735 151 790 Qui
161 751 213 784 mea
222 737 308 785 lascivo
318 753 401 801 regnas
410 753 451 800 per
460 749 525 799 prata
536 743 613 782 meatu

104 800 204 863 Semper,
216 809 241 850 ct
250 803 345 849 assiduis
354 803 437 850 irroras
446 801 536 849 flatibus
546 815 637 854 annum,
739 799 772 845 75

11 868 12 927 J
103 864 203 928 ΜΝ
213 866 371 930 Nympharum
382 875 464 920 coetus,
476 874 499 913 et
510 866 570 912 celsa
579 863 692 912 Tonantis

105 930 221 985 Germina,
233 948 273 994 per
283 939 374 980 nostros
384 931 500 995 dignantia
509 931 586 978 ludere
596 943 695 991 campos.

103 993 173 1042 Nunc
183 997 251 1052 adsis,
262 996 389 1059 stvoeqroe,
401 1011 494 1060 precor:
514 1011 574 1043 nunc
585 995 660 1043 omnia
670 993 718 1041 fetu

105 1058 233 1109 Pulsesoant
243 1061 348 1126 virgtdta,
359 1063 431 1120 velis3
448 1069 474 1108 ut
483 1061 563 1108 fertilis
574 1060 653 1122 Hybla

106 1123 217 1180 Insideat,
229 1127 334 1188 vincique
344 1142 398 1174 suos
408 1142 455 1174 non
465 1128 549 1174 abnuat
559 1127 646 1173 hortos.
740 1127 775 1170 80

105 1189 221 1252 Quidquid
231 1191 345 1239 thuriferis
356 1193 425 1255 spirat
436 1191 552 1238 Panchaia
563 1191 632 1244 siliis,

105 1254 220 1316 Quidquid
230 1257 337 1304 odoratus
346 1257 416 1320 longe
425 1257 538 1303 blanditur
546 1255 675 1316 Hydaspes,

10 1362 11 1383 p
105 1319 221 1381 Quidquid
231 1322 259 1368 ab
269 1322 376 1369 extremis
387 1322 433 1368 ales
443 1321 550 1382 longaeva
561 1320 646 1368 Sabain

10 1388 20 1413 *
104 1382 207 1448 00153ῑῆ
219 1391 297 1448 optato
307 1394 411 1450 repetens
421 1386 513 1439 exordia
522 1387 595 1440 busto,

103 1447 132 1495 In
144 1465 213 1498 venas
223 1452 328 1514 disperge
337 1467 406 1505 meas,
418 1459 442 1498 et
452 1451 543 1498 flamine
554 1451 618 1512 largo
740 1449 770 1495 85

102 1513 168 1562 Rura
177 1514 245 1563 iove:
264 1531 351 1563 mermr
360 1516 438 1563 divino
445 1516 526 1578 pollice
537 1513 597 1576 carpi
602 1530 610 1570 ς

102 1579 136 1627 Et
147 1581 231 1627 nostris
241 1581 333 1642 cupiant
343 1581 417 1627 ornari
428 1580 521 1627 numina
532 1575 625 1626 serua”

135 1641 243 1693 Dixerat.
259 1643 303 1692 llle
312 1661 374 1692 novo
384 1645 522 1692 madidantes
533 1649 623 1690 nectare
632 1654 718 1704 pennas

100 1707 218 1765 concutit,
229 1717 254 1757 ct
262 1709 341 1773 glebas
350 1709 448 1758 secundo
458 1725 510 1757 rore
520 1709 624 1756 maritat:

100 1773 199 1835 Quique
206 1777 367 1829 volat,·vemus
373 1776 474 1836 sequitur
480 1776 561 1822 rubor:
580 1772 654 1820 omnis
663 1770 685 1815 in
694 1769 774 1816 herbas

99 1837 192 1901 Turget
201 1841 291 1893 humus,
300 1840 419 1901 medioque
428 1847 508 1902 patent
517 1853 619 1887 convexa
627 1850 721 1884 senno:
741 1837 768 1882 91

100 1903 234 1966 sanguineo
244 1905 362 1967 splendore
372 1919 442 1958 rosas,
454 1905 556 1952 vaccinia
566 1903 633 1967 nigro

100 1966 189 2023 Induit,
201 1977 225 2016 et
236 1970 295 2016 dulci
305 1969 378 2017 riolas
387 1969 503 2032 ferrugine
513 1969 594 2031 pingit.

100 2031 211 2081 Parthica
220 2049 272 2095 quae
282 2035 351 2082 tands
361 2035 476 2082 radantur
486 2035 578 2096 cingula
587 2031 691 2095 gemmis,

102 2097 205 2160 aeguo
216 2099 319 2146 vinctura
328 2100 409 2146 sinus?
424 2115 476 2160 quse
487 2099 570 2146 vellera
580 2104 667 2148 tantum
741 2097 773 2143 95

102 2162 199 2211 Ditibus
209 2163 300 2225 Assyrii
310 2165 396 2226 spumis
405 2164 510 2211 fucantur
520 2163 588 2211 a'e'ni?

102 2228 162 2274 Non
173 2228 231 2275 tales
240 2229 333 2276 volucer
341 2228 419 2291 pandit
429 2228 544 2278 Juuonius
555 2229 615 2274 alas:

102 2287 157 2339 Nec
165 2293 198 2338 sic
208 2293 339 2340 innumeros
347 2309 402 2341 arcu
412 2299 514 2340 mutante
522 2293 608 2340 colores

102 2355 218 2419 Incipiens
229 2358 344 2404 redimimr
355 2359 433 2411 hiems,
445 2372 498 2404 cum
509 2358 599 2404 tramite
609 2354 669 2402 flexo

101 2422 190 2470 Sonitu
200 2422 302 2469 discretis
311 2423 428 2470 interviret
437 2423 530 2468 humida
540 2422 627 2468 nimbis.
728 2423 776 2468 100

137 2486 277 2534 Fonualoci
288 2495 379 2549 superat
388 2486 469 2534 flores:
489 2497 583 2533 curvata
596 2493 685 2533 tumore

101 2551 182 2607 Parvo
192 2551 307 2616 planities,-
315 2560 340 2602 et
349 2551 524 2603 mollibusedita
534 2551 598 2600 clivis
