1892 2892
187 67 352 150 urrunsa.
367 68 465 121 PALL
483 70 529 120 ET
546 71 669 124 CELER.
721 81 766 138 221
786 127 788 134 ,

96 201 236 264 Temperies,
247 201 352 262 doctique
363 201 428 257 sales,
437 208 460 249 et
470 209 535 266 grata
546 205 669 252 senectus?
733 209 766 256 65
832 222 834 234 ¹

96 267 143 314 Per
153 273 248 313 cunctos
257 265 284 312 iit
294 265 332 312 ille
342 265 439 328 gradus3
457 267 559 329 aulaeque
568 267 655 316 labores

95 332 220 385 Emensus,
232 329 306 376 tenuit
317 345 412 393 summae
421 329 512 393 fastigia
523 331 587 389 sedis,

94 395 173 444 Eoum
185 395 256 442 stabili
266 395 395 442 moderatus
402 396 454 457 jure
464 404 574 444 senatum.

14 465 18 469 ’
94 459 144 509 Hic
155 460 260 523 splendor
266 460 353 523 juveni.
374 457 492 508 Cunabula
501 463 572 524 prima
583 463 664 524 puellae

93 525 223 581 Danubius,
234 533 367 586 veteresque
377 523 459 571 Tomi:
480 525 595 574 Mavortia
605 530 683 576 nutris
732 531 764 580 70

93 591 208 639 Nobilitas
219 590 295 653 spoliis
306 591 418 650 armisque
428 591 527 637 exsultat
536 591 610 650 avitis,
779 591 782 598 '

94 655 279 716 Immensumque
290 656 357 702 trahit
369 651 467 702 Celerini
479 657 558 702 robore
568 657 649 711 lucem,

91 721 142 782 Qui
151 720 271 782 quondam,
283 718 466 782 Merobnjussus
477 719 602 782 Nilumque
613 723 677 778 tueri,
776 777 778 780 ¹

93 784 155 834 eum
166 786 215 839 sibi,
227 782 292 848 [post
302 785 376 832 obitus
386 791 410 831 et
420 783 527 832 Parthica
535 785 630 834 fulmina
641 785 714 854 Cari]

91 851 188 913 Sceptra
197 850 261 897 tlaret
270 849 342 903 miles,
354 850 464 910 rebusque
473 850 589 912 imponere
598 851 673 908 vellet,
732 855 763 902 75

90 915 206 978 Despexit
216 913 325 968 ltemitus,
338 920 361 962 et
371 914 470 976 praetulit
481 916 526 962 otia
537 930 615 978 regno.

90 979 191 1043 Respuit
200 980 322 1043 ingestum,
334 978 394 1040 quod
405 979 435 1034 vi,
447 980 507 1040 quod
517 996 610 1043 poscere
618 979 687 1036 ferro,

89 1042 224 1094 Posthabitla
233 1045 323 1106 pietate,
334 1045 416 1097 solent.
434 1043 496 1091 'l'um
507 1061 605 1108 purpura
614 1047 711 1109 primum
729 1047 734 1052 '
775 1095 777 1100 ,

90 1108 190 1156 Inferior
200 1109 283 1157 virtute
292 1108 350 1167 fult3
366 1107 493 1170 meruitque
504 1111 616 1173 repulsam
774 1106 778 1122 ¹

88 1175 165 1222 Obvia
174 1176 292 1238 majestas:
312 1172 383 1220 doluit
394 1171 503 1230 Fortuna,
515 1177 625 1223 minorem
731 1179 763 1225 80

89 1238 237 1288 Se‘consesso
246 1238 303 1286 viro.
321 1238 437 1302 Magnum
449 1239 522 1287 deleta
532 1247 639 1302 potestas,

88 1305 204 1367 Majoretn
215 1310 337 1358 contemta,
348 1303 435 1366 probat
455 1301 600 1368 Cognomina
610 1307 691 1354 sumsit
775 1305 779 1326 ¹

89 1369 163 1418 Plena
173 1369 236 1416 ducis
246 1369 351 1432 genitor3
367 1369 474 1431 paulatim
485 1377 576 1416 evectus
586 1371 610 1417 in
622 1371 691 1419 altum
697 1388 706 1430 ;
775 1367 778 1374 '

6 1448 7 1455 ¹
88 1434 200 1496 Princeps
211 1435 304 1489 miuus,
316 1431 360 1494 qual
371 1448 417 1479 non
428 1434 536 1482 illustrior
546 1441 621 1482 exstat

86 1499 178 1556 Altera,
189 1507 322 1547 cunctorum
334 1499 420 1545 tabulas
430 1499 531 1562 assignat
540 1500 665 1558 bonorum;
731 1503 762 1550 85

86 1565 215 1612 Rectomm
226 1571 307 1610 tractat
317 1578 450 1622 numerum;
468 1565 604 1626 constringit
614 1565 638 1611 in
648 1579 718 1612 unum

88 1630 184 1691 Sparsas
194 1629 281 1692 imperii
292 1629 359 1682 vires,
371 1643 501 1689 cuneosque
511 1636 612 1676 recenset

87 1693 235 1757 Dispositos:
254 1709 305 1754 quae
317 1693 446 1741 Sarmaticis
457 1694 559 1740 custodia
569 1693 628 1756 ripis,

88 1758 151 1813 Quae
163 1759 230 1806 srevis
241 1759 328 1821 objecta
338 1758 412 1811 Getis,
425 1774 476 1820 quae
488 1759 578 1806 Saxona
588 1759 668 1816 lrenat,

87 1823 136 1872 Vel
147 1825 241 1872 Scotum
251 1823 312 1886 legio
318 1841 327 1882 ;
344 1829 436 1884 qnantae
446 1822 538 1870 cinxere
549 1825 652 1872 cohortes
730 1828 763 1874 90

88 1887 222 1946 Oceanum
239 1896 324 1950 quanto
335 1895 427 1951 pacatur
437 1889 508 1936 milite
519 1889 623 1936 Rhenus.

88 1951 161 2002 Casta
171 1955 259 2007 domus,
272 1953 359 2000 sincera
369 1951 431 2008 fides,
443 1953 552 2002 industria
563 1955 654 2002 sollers:

87 2018 169 2082 Elegit
180 2018 305 2066 Stilichone
324 2017 380 2064 nihil
390 2018 448 2065 rutra
457 2018 559 2066 laudibus
570 2018 620 2067 addi

86 2081 209 2132 Judiciove
218 2090 301 2146 potest.
319 2082 371 2130 Tali
382 2085 481 2130 nubente
490 2082 572 2146 puelli,

6 2203 8 2209 7
86 2147 175 2196 Nonne
186 2149 226 2196 tibi
237 2164 324 2196 cessare
336 2147 418 2195 nefas?
435 2147 491 2196 Duc
501 2149 603 2212 protinus
615 2163 702 2204 omnes,
730 2139 772 2200 95vv

87 2212 144 2260 Duc
154 2229 206 2276 age
225 2213 357 2260 Marcentes
367 2214 432 2276 cupio
443 2230 549 2274 quassare
559 2229 660 2270 coronas,

87 2276 122 2325 Et
132 2279 222 2326 vibrare
230 2277 299 2334 faces,
310 2286 333 2325 et
343 2285 433 2326 noctem
444 2279 526 2326 ducere
537 2278 598 2326 ludo.

88 2341 149 2391 Haec
161 2359 250 2404 qnoque
261 2358 307 2389 non
318 2343 386 2390 vilem
397 2343 452 2390 mihi
462 2343 537 2391 fistula
548 2343 675 2392 commodat
687 2355 770 2400 usum,¹

87 2407 236 2472 Responsura
246 2405 345 2455 choris.”
362 2407 411 2455 vix
422 2409 471 2456 baec
484 2408 640 2478 Hymenaeus:
660 2418 684 2458 at
693 2409 731 2459 illa
817 2463 820 2469 ,

86 2469 200 2520 Fontibus
210 2473 307 2520 abluitur
317 2473 536 2537 gelidisplegemque
547 2473 626 2538 capillo
717 2479 763 2524 100

85 2536 181 2595 Reddit,
193 2545 217 2587 et
228 2546 332 2587 ornatum
343 2537 438 2597 formre5
455 2537 567 2603 prelisque
578 2539 658 2590 solute

522 2619 539 2651 u
556 2609 570 2650 8
