1892 2892
134 46 184 92 282
260 44 400 96 RAPTUS
415 45 579 96 Pnosnltn.
595 45 649 95 Ln-
660 43 681 92 1.

134 173 307 222 Arta‘tument:
325 172 404 220 credas
413 171 468 219 iiiidi
479 173 580 220 cautibus
590 173 672 235 algam,
707 189 716 202 ‘
758 176 808 230 255

134 239 169 287 Et
180 252 271 285 raucum
281 237 362 284 bibulis
371 238 485 300 inserpere
495 253 597 286 murmur
606 240 687 286 arenis.

134 303 207 350 Addit
216 302 316 364 quinque
325 303 417 365 plagas:
436 303 532 350 mediam
544 304 668 351 subtemine
679 304 746 352 rubro

135 367 257 416 Obsessam
267 366 356 414 fervore
363 375 440 414 notat:
460 368 575 430 squalebat
584 368 676 416 adustus

135 431 221 486 Limes,
234 439 258 479 et
267 432 357 478 assiduo
368 434 472 480 sitiebant
482 433 577 480 semina
585 433 645 480 sole:

135 497 224 546 Vrtales
234 497 347 558 utrimque
357 498 428 556 duas;
445 513 501 558 quas
512 498 573 544 mitis
581 499 669 546 oberret
758 502 808 548 260

136 561 276 625 Temperies,
288 562 405 609 habitanda
415 563 483 609 viria:
503 569 552 609 tum
559 562 605 610 fine
615 577 720 625 supremo

136 626 265 690 Torpentes
274 628 343 674 traxit
352 628 462 690 geminas,
473 626 597 688 brumique
605 629 696 690 perenni

138 691 228 748 Fundat,
237 699 261 740 et
272 699 357 740 eterno
368 693 486 740 contristat
495 692 581 755 frigore
591 693 655 740 telas.

35 777 39 784 ·
137 756 237 805 Necnon
245 766 269 804 et
278 758 351 820 patrui
361 758 436 820 pingit
446 757 541 804 sacraria
552 757 623 812 Ditis,

139 821 276 884 Fataiesque
283 822 324 870 sibi
332 823 424 870 Manes·
442 821 495 869 Nee
505 821 575 869 defuit
585 837 666 872 omenr
761 824 811 871 265

139 886 240 936 Prusa
250 903 302 936 nam
313 886 391 934 subitis
401 887 535 934 maduerunt
545 887 634 934 fletibus
642 903 688 936 ora·

173 951 281 1015 Coeperat
290 959 314 999 et
324 953 402 999 vitreis
411 967 501 998 summo
507 953 556 1014 jam
567 953 670 1016 margine
680 953 737 1001 texti

139 1016 258 1066 Oceanum
268 1017 359 1064 sinuare
368 1016 446 1075 radin
464 1017 511 1071 sed,
524 1018 614 1064 cardine
624 1033 698 1073 verso,

140 1083 216 1130 Sentit
226 1081 304 1128 adesse
314 1080 386 1136 Dens,
395 1081 595 1144 imperfectumque
605 1082 703 1130 laborem

140 1145 250 1204 Deserit3
266 1152 290 1192 et
301 1145 379 1193 niveos
388 1145 572 1209 infecitpurpura
582 1147 665 1201 vultus,
763 1148 813 1195 270

141 1210 188 1259 Per
198 1210 292 1272 liquidas
302 1225 411 1258 auecenaa
420 1227 508 1274 genns3
525 1220 639 1273 eastaeque
649 1210 741 1274 pudoris

140 1273 242 1324 Illuxere
250 1275 319 1322 iaces.
337 1274 394 1322 Non
404 1276 437 1323 sic
447 1276 517 1324 decus
524 1277 588 1324 ardet
597 1278 715 1332 eburnum‚

142 1339 218 1404 Lydia
229 1340 322 1387 Sidonio
331 1341 392 1403 quod
402 1341 486 1388 fenina
496 1341 588 1389 unxerit
598 1349 667 1388 ostro.

173 1406 288 1454 Merserat
298 1406 359 1454 unda
368 1405 443 1454 dieue
462 1421 541 1468 sparso
549 1421 595 1453 uox
605 1406 697 1454 humide
707 1420 789 1454 somno

142 1469 263 1533 languide
272 1471 376 1518 coeruleia
386 1472 504 1519 invexerat
515 1471 561 1518 otia
570 1471 636 1534 bigis.
765 1473 813 1520 275

141 1535 239 1597 Jamque
249 1536 310 1583 viam
321 1535 406 1584 Pluton
417 1551 509 1598 superas
517 1536 609 1583 molitur
620 1535 648 1583 ad
658 1550 731 1592 auras.

143 1601 254 1655 Germani
263 1601 365 1648 monitu:
384 1608 463 1649 torvos
473 1601 545 1648 inrisa
553 1601 644 1664 jugales

142 1667 226 1714 Alecto
237 1674 328 1713 temone
337 1666 401 1728 ligat,
413 1666 452 1726 qui
459 1681 542 1728 pascua
552 1667 661 1712 mandunt

144 1731 235 1793 Cocyti,
247 1730 366 1794 sputiiaqne
376 1730 446 1778 Erebi
456 1731 597 1792 nigrantibus
607 1737 700 1788 errant;

144 1796 275 1858 stagnaque
286 1795 412 1856 tranquillae
421 1802 525 1857 petentes
535 1795 633 1842 marcida
644 1793 737 1851 Lethes,
765 1799 817 1842 280

144 1860 220 1923 AEgra
230 1861 340 1923 soporatis
351 1867 456 1922 spumant
465 1860 548 1907 oblivia
558 1860 655 1922 linguis:

144 1923 273 1986 Orpbnoeus
283 1924 374 1972 crudele
382 1925 476 1979 mieans,
487 1925 621 1986 AEthonque
631 1921 714 1988 sagitti

145 1988 231 2050 Ocyor,
240 1997 264 2036 et
275 1989 350 2052 Stygii
358 1989 458 2036 sublimis
467 1990 541 2052 glorie
551 1989 656 2050 Nycteus

84 2075 88 2080 ·
145 2053 259 2108 Armenti,
271 2053 380 2115 Ditisque
390 2052 445 2101 noti
452 2055 556 2116 signatus
566 2054 668 2108 Alastor,

144 2118 239 2166 Stabant
246 2126 299 2166 ante
308 2118 369 2165 fores
373 2120 456 2182 juncti,
468 2133 599 2179 saerurnque
608 2118 741 2174 fremebant,
764 2121 814 2168 285

144 2180 249 2232 Crastina
260 2190 362 2240 venture
369 2191 497 2247 spectantes
506 2184 592 2249 gaudia
598 2184 690 2248 prede.
