1892 2892
216 65 354 139 namus
370 67 534 119 racanas.
548 71 604 124 nn
619 69 669 121 ιιι.
711 76 793 149 -ωι,

100 194 207 250 sordida,
220 195 312 243 sidereae
323 202 399 259 raptus
408 198 502 261 lugebat
510 198 616 249 alumna·
728 208 774 256 las

101 258 175 307 Hanc
186 276 294 323 aggressa
306 258 384 315 Ceres,
396 270 516 325 postquam
527 264 621 327 suspiria
633 266 722 317 tmdem

102 322 205 373 lamvio
215 324 334 387 frenosque
345 326 414 382 dolor,
430 336 445 356 ‘¹
455 328 525 383 Quod
535 330 672 387 cernimua,”
685 334 764 397 inquit,

100 396 117 419 ⁸*
126 389 281 439 Exscidiurn?
292 391 327 437 cui
339 392 414 453 praeda
424 392 503 439 seror?
514 403 623 457 regnatne
634 398 747 447 maritus?

100 452 142 501 An
154 456 239 503 coelum
250 454 344 503 Titanes
355 457 455 505 habent?
473 458 533 513 Quae
544 461 597 507 talia
606 461 660 508 vivo
728 468 776 513 182

102 519 170 566 Ausa
180 519 287 567 Tonante
297 518 393 567 manus?
411 522 499 585 rupitne
509 522 616 585 Typhoia
626 528 703 575 cervix

102 581 238 633 Inarimen?
253 584 411 649 fractdnejug'r
422 604 533 651 compage
543 587 639 647 Vesevi,

103 651 237 711 Alcyoneus
247 667 287 713 per
298 659 378 713 stagna
389 652 456 713 pedes
464 652 585 714 Tyrrhena
594 657 711 704 cucurrit?
730 662 777 709 185

103 717 144 763 An
155 716 230 763 vicina
241 716 294 762 mihi
306 717 414 777 quassatis
425 716 526 766 saucibus
537 718 611 767 AEtna

104 778 206 828 Protulit
216 780 374 827 Enceladum?
391 790 482 829 nostros
492 798 521 829 an
531 782 591 829 forte
601 792 693 847 penates

104 846 210 907 Appetiit
220 852 310 893 centum
321 844 425 893 Briareia
435 849 500 894 turba
510 848 615 895 lacertis?

104 908 176 959 Heu!
190 910 227 957 ubi
239 925 306 964 nunc,
319 912 356 957 ubi
367 920 420 959 nata
429 912 502 958 milri?
513 928 558 973 quo
567 912 628 961 mille
636 914 760 967 ministre?
809 927 812 932 ⁴

106 976 162 1030 Quo
174 972 271 1037 Cyane?
288 975 391 1023 volucres
402 992 454 1037 quae
465 978 501 1023 vis
512 978 603 1026 Sirenas
613 980 705 1044 abegit?
731 988 778 1035 1⁹0

105 1040 219 1088 Haecine
230 1047 304 1087 vestra
314 1040 386 1087 fides?
403 1042 436 1089 sic
445 1041 480 1088 fas
491 1042 564 1089 aliena
573 1046 631 1092 tueri

103 1103 242 1168 Egnora?”
261 1102 404 1153 Contremuit
415 1106 498 1160 nutrix,
511 1123 641 1171 moerorque
651 1112 730 1174 pudori

105 1168 199 1228 Cessit;
215 1175 239 1217 et
249 1170 367 1233 adspectus
377 1172 466 1219 miserae
478 1187 524 1219 non
534 1172 593 1221 serre
603 1178 702 1237 parentis

105 1234 204 1284 Emtum
215 1243 288 1283 morte
299 1235 366 1283 velit:
386 1237 525 1298 longumque
536 1238 629 1287 immota
639 1254 741 1294 moratur

105 1302 234 1348 Auctorem
245 1300 344 1355 dubium,
356 1309 487 1363 certumque
497 1316 629 1365 expromere
639 1304 714 1355 sunus.
730 1313 777 1359 19⁵

16 1400 18 1403 .
105 1365 156 1412 Vix
166 1372 242 1416 tamen
253 1366 316 1413 haec:
337 1366 431 1413 “Acies
442 1368 528 1413 utinam
539 1384 623 1418 vesana
634 1371 761 1434 Gigantum

105 1430 177 1479 Hanc
189 1430 273 1477 dederit
283 1430 381 1479 cladem!
399 1431 472 1479 levius
483 1434 611 1481 communia
621 1442 726 1499 tangunt.

105 1494 153 1543 seu
163 1494 241 1551 Divae,
252 1496 368 1556 multoque
378 1497 452 1543 minus
463 1498 525 1557 quod
535 1514 591 1553 rere,
603 1514 699 1556 sorores,
728 1517 732 1530 ·

106 1558 138 1606 In
148 1568 236 1608 nostras
247 1561 340 1607 nimium
352 1558 498 1623 conjuravere
508 1563 590 1609 ruinas.

106 1624 204 1675 Insidiae
215 1626 333 1689 Superdm,
346 1634 451 1687 cognatae
463 1627 556 1674 vulnera
567 1628 640 1676 cemia
727 1635 777 1681 2oe

106 1686 211 1737 Invidiae·
227 1687 327 1752 Phlegrai
338 1690 401 1737 nobis
411 1690 520 1738 infensior
531 1693 609 1740 aether.

107 1752 215 1802 Florebat
225 1755 344 1817 tranquilla
354 1756 450 1803 domus:
470 1770 512 1803 nec
524 1757 601 1804 limina
611 1758 677 1820 virgo

108 1818 232 1880 Linquere,
244 1834 286 1867 nec
297 1820 379 1867 virides
389 1820 484 1867 audebat
495 1822 567 1869 visere
578 1822 654 1881 saltus,

109 1882 234 1947 Princeptis
244 1884 350 1931 obstricta
360 1885 412 1931 tuis.
431 1884 497 1932 Telae
507 1886 569 1933 labor
579 1887 619 1942 illi,
689 1881 698 1898 ⁸

108 1949 200 1998 Sirenes
211 1950 312 2010 requiea3
330 1965 459 1997 sermonum
469 1952 543 2012 gratia
553 1967 650 2006 mecum,
730 1956 779 2005 205

110 2012 206 2062 Mecum
218 2029 311 2061 somnus
322 2022 376 2069 erat,
387 2016 492 2076 cautique
501 2030 542 2078 per
552 2016 608 2063 atria
618 2016 672 2065 ludi.

109 2078 171 2129 Cum
182 2077 255 2128 subito
268 2080 383 2143 (quonam,
396 2079 495 2134 dubium,
506 2088 655 2135 monstrante,
667 2080 763 2133 latebras

109 2142 234 2205 Rescierit)
247 2142 361 2206 Cytherea
371 2144 449 2203 venit;
466 2154 614 2207 suspectaque
624 2145 688 2194 nobis

108 2208 148 2258 Ne
158 2209 224 2263 soret,
237 2210 290 2256 hinc
299 2207 408 2264 Pnoeben,
421 2210 523 2264 comites,
535 2212 587 2259 hinc
596 2210 690 2261 Pallada
693 2212 780 2277 junxit.

110 2273 219 2322 Protinus
229 2274 302 2321 effuso
312 2274 388 2322 laetam
401 2290 425 2321 se
435 2273 522 2337 fingere
533 2276 578 2322 risu
585 2293 594 2334 3
731 2282 781 2327 210

109 2339 161 2388 Nec
172 2339 243 2387 semel
253 2340 364 2403 amplecti,
377 2354 505 2401 nomenque
515 2340 594 2387 iterare
605 2340 695 2397 sororis,

111 2404 145 2453 Et
155 2402 211 2451 duri
221 2404 249 2451 de
260 2413 331 2451 matre
342 2405 413 2465 queri,
424 2420 477 2465 quae
487 2406 532 2451 tale
543 2420 633 2451 recessu

111 2468 222 2518 Maluerit
232 2469 338 2517 damnare
349 2469 424 2523 decus.
437 2469 555 2529 vetitoque
564 2468 668 2517 Deamm

113 2532 240 2595 colloquio,
254 2534 330 2597 patriis
341 2533 420 2595 procul
430 2533 582 2581 amandaverit
593 2534 666 2581 astris.

109 2597 202 2655 Nostra,
215 2598 285 2652 rudis,
296 2598 394 2662 gaudere
404 2597 477 2653 mulis,
489 2607 513 2645 et
523 2606 612 2647 nectare
621 2599 686 2663 largo
735 2604 782 2669 2l5
