1892 2892
273 127 312 179 IN
328 129 499 180 RUFINUM
515 131 569 180 Lu.
584 130 620 179 Il.
756 131 787 177 27

115 259 257 324 Cornipedis,
269 270 393 324 teneroque
403 262 476 308 amnis
487 269 588 324 reptatus
599 261 691 315 Achilli,
742 263 789 306 180

115 321 148 385 Et
160 342 240 374 nemus
252 327 355 374 OEtaeum
366 327 450 374 radiat:
470 327 568 377 clamore
578 327 659 373 nivalis

24 397 26 400 '
114 391 175 437 Ossa
183 399 254 444 tonat,
267 393 375 452 pulsoque
385 391 462 454 fragor
472 392 601 453 geminatur
611 391 719 452 Olympo.

115 455 228 502 Intumuit
239 457 317 509 virtus,
331 465 354 502 et
365 457 421 502 lucia
431 456 540 518 prodigus
550 457 604 503 arsit

115 519 231 582 Impetus:
251 521 312 568 haud
322 521 372 567 illos
384 536 457 582 rupes,
470 521 529 568 haud
540 521 585 568 alta
596 528 698 568 vetarent

115 584 236 632 Flumina:
253 585 361 647 praecipiti
372 586 505 632 stravissent
516 588 591 633 omnis
601 598 677 633 cursu.
741 585 788 631 185

117 650 140 695 Si
152 658 207 696 tunc
219 651 253 696 his
264 650 345 697 animis
356 651 414 697 acies
426 651 507 697 collata
515 650 602 704 luisset,

115 712 208 761 Prodita
219 731 265 760 non
277 723 351 762 tantas
362 716 454 762 vidisset
466 715 558 762 Graecia
566 715 655 762 eaedesr

115 779 205 840 Oppida
216 787 304 826 semoto
317 779 423 842 Pelopeia
433 779 511 826 Marte
522 781 639 842 vigerent:

116 844 208 890 Starent
218 845 330 897 Arcadiae,
344 852 429 891 starent
437 842 617 899 Lacedaemonis,
627 850 704 892 arces:

115 907 170 954 Non
183 925 246 956 mare
255 907 500 971 lumdssetgeminum,
513 909 624 971 flagrante
633 909 760 965 Corintho;

115 972 167 1019 Nec
177 973 224 1020 fera
237 973 359 1036 Cecropias
370 975 492 1020 traxissent
500 975 590 1022 vincula
600 983 691 1022 matres.
742 977 784 1021 191
824 996 827 1005 s

113 1035 158 1084 llls
168 1039 215 1084 dies
224 1040 298 1100 potuit
309 1041 391 1085 nostris
400 1040 515 1100 imponere
524 1038 593 1086 linem

115 1102 230 1157 Cladibus,
243 1112 266 1150 et
277 1105 366 1150 sceleris
378 1119 456 1150 causas
467 1103 554 1150 auferre
562 1104 639 1150 futuri.

115 1165 203 1220 invida,
213 1184 253 1229 pro
263 1167 268 1216 l
286 1177 394 1229 quantum
406 1169 481 1229 rapuit
491 1167 593 1216 Fortuna
603 1168 754 1230 triumphurn!

115 1231 179 1279 Inter
190 1249 267 1293 equos,
281 1234 383 1294 interque
393 1233 464 1286 tubas,
478 1235 582 1280 mandata
593 1235 696 1280 feruntur
742 1235 788 1280 195

114 1295 197 1359 Regia,
210 1305 234 1344 et
244 1299 324 1344 annati
336 1299 429 1344 veniunt
441 1299 540 1344 ductoris
551 1298 579 1344 ud
590 1315 662 1346 aures.

114 1361 251 1424 Obstupuit:
271 1363 338 1409 simul
348 1363 382 1409 ira
392 1363 475 1415 virum,
488 1363 555 1409 simul
566 1365 639 1410 obruit
650 1364 732 1426 ingena

114 1426 219 1473 Moeror:
240 1434 263 1473 et
273 1428 357 1489 ignavo
368 1433 456 1474 tantum
467 1427 558 1474 licuisse
569 1429 659 1474 nocenti

115 1491 222 1538 Miratur.
242 1491 331 1538 Dubios
342 1507 424 1554 anceps
433 1493 546 1540 sententia
556 1494 628 1539 solvit

113 1557 227 1610 Eventus,
237 1566 331 1618 peragat
342 1572 435 1619 pugnas,
449 1571 478 1603 an
488 1556 556 1602 fortia
566 1565 641 1620 coepta
736 1561 787 1603 900

112 1621 221 1668 Deserat.
241 1619 338 1682 illyricis
349 1623 412 1670 ardet
423 1636 554 1668 succurrere
564 1622 664 1669 damnis:

114 1685 240 1748 Praeceptis
251 1688 339 1734 obstare
350 1687 426 1734 timet:
447 1687 573 1733 reverentia
581 1686 668 1748 frangit

113 1751 213 1797 Virtutis
225 1751 328 1798 stimulos
337 1770 343 1798 z
364 1752 416 1798 hinc
426 1751 515 1814 publiea
525 1752 644 1799 commoda
652 1751 754 1804 suadent,

113 1816 179 1862 Hinc
190 1823 265 1862 metus
276 1817 379 1864 invidiae:
397 1816 488 1864 tandem
500 1817 629 1880 indignatus
640 1816 668 1862 ad
680 1824 740 1863 astra

112 1880 213 1928 Extollit
223 1881 316 1943 palmas,
329 1889 352 1928 et
360 1883 387 1928 ab
397 1882 444 1928 imo
452 1882 539 1943 pictore
547 1882 621 1928 fatur:
737 1883 787 1928 205

148 1953 163 1975 “
176 1945 286 1999 Numina,
299 1945 410 1992 Romanis
422 1948 518 1994 necdum
530 1947 609 1994 satiata
620 1945 697 2000 ruinis,

96 2025 102 2038 .
114 2011 138 2056 Si
147 2011 214 2073 juvat
225 2011 342 2072 imperium
352 2012 441 2072 penitus
452 2011 481 2058 de
491 2013 560 2073 stirpe
571 2013 647 2059 revelli
656 2029 664 2069 ;

114 2075 170 2122 Uno
183 2076 201 2121 si
213 2075 296 2136 placuit
307 2075 375 2122 deleri
388 2075 471 2122 saecula
481 2077 561 2138 lapsu;

113 2141 138 2187 Si
151 2142 214 2202 piget
225 2141 316 2186 humani
328 2141 419 2203 generis
426 2157 434 2198 ;
451 2149 583 2202 prorumpat
594 2141 617 2186 in
629 2155 684 2188 arva

112 2205 218 2252 Libertas
229 2205 314 2251 effrena
324 2206 399 2259 maris,
412 2206 449 2252 vel
460 2206 531 2252 limite
542 2207 605 2252 nullo
739 2209 789 2251 210

112 2271 204 2317 Devius
216 2277 317 2316 errantes
329 2269 447 2317 Pha'e'thon
460 2271 584 2318 confundat
594 2271 699 2316 habenas.

113 2333 163 2382 Cur
171 2351 212 2396 per
224 2335 334 2380 Rufinum
348 2336 450 2396 geritur3
467 2337 615 2397 procumbere
626 2335 736 2382 mundum

112 2399 168 2447 Hoc
179 2408 272 2446 auctore
285 2401 360 2462 pudet.
378 2399 461 2446 Mediis
473 2416 605 2447 revocamur
616 2401 644 2445 ab
654 2400 729 2453 armis,

111 2465 171 2528 (Pro
184 2463 272 2524 dolori)
285 2473 308 2511 et
320 2465 409 2510 strictos
420 2465 533 2526 deponere
544 2466 648 2526 cogimur
658 2478 734 2510 enses.

109 2530 169 2583 Vos,
180 2545 266 2576 arsurae
275 2530 348 2584 urbes,
360 2530 502 2590 perituraque
512 2531 603 2581 moenia,
615 2535 700 2573 testor:
736 2530 785 2574 215

110 2593 176 2643 Cedo
188 2595 300 2655 equidem,
312 2602 336 2639 et
346 2595 452 2640 miserum
463 2595 570 2654 permitto
581 2593 668 2639 casibus
677 2593 761 2638 orbem.

109 2659 209 2707 Flectite
220 2660 292 2720 sigua,
305 2658 387 2706 ‹lucesr
407 2658 482 2706 redeat
488 2659 536 2719 jam
548 2658 612 2704 miles
623 2656 687 2704 Eois.
