1892 2892
154 97 207 141 244
267 92 411 143 narnus-
426 91 590 142 raossar.
610 56 717 142 safra·

156 221 290 284 Luxuriant,
300 227 417 287 epulisque
428 234 510 274 vacant
520 226 645 288 genialibus
656 226 755 272 umbraer
777 227 837 272 327·

155 288 228 335 Grata
238 290 339 337 coronati
350 299 461 353 peragunt
472 292 577 354 convivia
588 291 679 338 Manes.

155 352 275 415 Rumpunt
285 355 370 402 insoliti
381 356 499 403 tenebrosa
509 356 597 402 silentis
607 363 694 402 cantus.
838 405 839 408 ,

154 418 266 466 Sedantur
276 420 383 482 gemitus.
401 421 472 467 Erebi
483 437 508 468 se
519 427 599 482 sponte
610 421 695 468 relaxat
776 424 828 466 330

155 484 257 543 Squalor,
268 493 292 531 et
302 492 409 535 aeternam
420 487 504 547 patitur
515 501 626 534 rarescere
637 492 726 534 noctem
734 503 752 530 :-

155 547 222 594 Urna
232 565 274 597 nec
284 550 381 597 incertas
392 559 466 598 versat
478 550 568 598 Minoia
579 557 664 598 sortes:

154 610 256 661 Verbera
266 615 328 662 nulla
338 622 434 673 sonant3
451 616 558 677 nulloque
568 614 687 662 frementia
697 615 767 670 luctu,

154 675 229 740 Impia
240 680 313 726 dilatis
324 681 434 742 respirant
445 679 542 732 Tartara
551 681 633 742 poenis.

155 742 211 789 Non
223 753 272 791 rota
282 760 416 807 suspensum
427 761 527 807 praeceps
538 744 620 792 Ixiona
630 752 733 806 torquet-t
775 749 827 796 385

154 807 210 854 Non
221 824 278 870 aqua
284 808 403 861 Tantaleis
414 810 543 857 subducitur
554 809 630 858 invida
639 810 714 862 labris,

154 870 270 936 [Solvitur
281 873 363 923 Ιιίοηε
382 876 470 922 invenit
481 874 590 922 Tantalus
602 873 694 938 undas]

154 938 189 985 Et
199 937 282 1000 Tityos
292 941 383 991 tandem
393 941 505 1002 spatiosos
515 941 582 1002 erigit
592 947 669 997 artus3

154 1003 327 1066 Squdentisque
336 1020 419 1052 novem
428 1005 516 1056 deterit
522 1007 604 1067 jugera
614 1003 686 1066 campi

154 1067 254 1177 {Tantus
265 1067 341 1129 erat);
357 1069 478 1130 laterisque
488 1071 553 1132 piger
563 1071 661 1116 sulcator
672 1067 743 1132 opaci,
775 1073 827 1116 8¹10

168 1133 244 1179 nvitus
255 1134 349 1181 trahitur
360 1134 420 1181 lasso
431 1134 459 1182 de
469 1143 561 1198 pectore
571 1135 654 1189 vidtur,

153 1196 311 1259 Abreptasque
321 1198 437 1262 doletjam
448 1214 495 1246 non
507 1200 547 1247 sibi
559 1215 660 1248 crescere
670 1199 752 1252 fihrass

153 1259 238 1309 Oblita
249 1263 365 1318 scelerum,
376 1263 534 1326 formidatique
544 1264 632 1318 furoris,

117 1367 125 1376 ,
153 1325 293 1374 Eumenides
303 1336 389 1376 cratera
398 1337 484 1391 parant,
496 1339 519 1376 et
530 1330 583 1377 vina
592 1329 662 1376 feroci
774 1333 827 1376 344

153 1389 224 1438 Crine
234 1393 324 1440 bibunt:
338 1392 448 1455 densisque
457 1395 531 1450 minis,
539 1396 588 1456 jam
598 1395 649 1442 lene
660 1398 773 1450 canentes,

151 1454 289 1505 Extendunt
298 1459 372 1506 socios
382 1460 410 1506 ad
421 1459 502 1521 pocula
511 1459 578 1521 plena
588 1465 693 1514 cerastas,

153 1522 191 1569 Ac
200 1522 270 1570 festas
280 1523 324 1570 alio
334 1524 475 1572 succendunt
484 1524 570 1571 lumine
580 1525 657 1572 tardas·

152 1584 220 1634 Tunc
230 1596 253 1635 et
264 1588 361 1650 pestiferi
372 1597 476 1652 pacatum
487 1589 571 1636 flumen
582 1589 670 1636 Averni

153 1650 263 1700 Innocuae
274 1650 392 1708 transistis,
404 1669 472 1712 sves;
489 1653 612 1714 flatumque
623 1653 728 1716 repressit

107 1766 111 1775 ἢ
152 1717 304 1764 Amsanctus:
323 1717 370 1765 fixo
380 1719 451 1766 mcuit
461 1727 560 1766 torrente
570 1734 664 1781 vorago.
775 1720 827 1766 350

151 1781 219 1828 Tunc
230 1781 387 1830 Acheronteos
397 1791 485 1831 mutato
494 1784 587 1846 gurgite
595 1782 671 1830 sontes

152 1845 225 1894 Lacte
235 1863 295 1896 novo
307 1848 416 1894 tumuisse
425 1848 508 1903 ferunt,
521 1848 653 1909 hederisque
662 1845 782 1896 virentem-

153 1910 260 1972 cocyton
271 1906 330 1959 dulci
340 1913 457 1974 perhibent
469 1911 565 1960 unddsse
576 1912 656 1974 Lyaeo·

151 1975 253 2023 Stamina
264 1992 305 2024 nec
316 1978 399 2040 rumpit
410 1977 525 2033 Lachesis,
538 1993 579 2024 nec
591 1978 678 2024 turbida
688 1977 757 2024 sacris

150 2040 305 2102 obstrepitant
315 2042 414 2091 lamenta
424 2043 505 2090 choris.
525 2043 592 2089 Mors
601 2043 662 2088 nulla
669 2048 765 2103 vagatur
773 2044 825 2090 355

66 2109 72 2116 ’
152 2103 182 2151 In
193 2107 266 2160 terris,
278 2107 391 2167 nullamne
402 2123 483 2170 rogum
494 2105 600 2170 planxere
610 2114 719 2169 parentes,

152 2169 238 2216 Navita
247 2186 294 2216 non
305 2173 399 2218 moritur
410 2171 488 2227 fluctu,
500 2187 547 2228 pon
558 2172 649 2234 cuspide
659 2171 737 2222 miles:

151 2233 240 2296 Oppida
250 2234 336 2282 funerei
347 2236 434 2298 pollent
444 2237 552 2292 immunia
562 2236 609 2284 leti.

152 2296 314 2364 Impexamque
325 2315 394 2356 senex
405 2301 490 2353 velavit
500 2302 607 2350 arundine
617 2301 716 2347 frontem

151 2360 261 2417 Portitor,
273 2371 297 2410 et
307 2380 391 2412 vacuos
401 2366 450 2428 egit
459 2381 512 2412 curn
523 2367 623 2412 carmine
633 2379 715 2411 remos.
773 2370 826 2414 860

181 2424 235 2473 Jam
246 2443 301 2474 suus
312 2429 400 2480 inferno
410 2438 550 2491 processerat
561 2429 679 2494 Hesperus
690 2429 745 2474 orbi.

150 2486 252 2534 Ducitur
262 2491 286 2536 in
297 2493 419 2543 thalamum
431 2495 503 2557 virgo.
521 2495 572 2540 Stat
582 2494 682 2556 pronuba
687 2493 766 2555 juxta-

151 2552 272 2602 stdlrnos
284 2555 340 2602 Nox
349 2559 410 2618 picta
421 2558 491 2613 sinus,
504 2565 644 2621 tangensque
654 2557 740 2614 cubile.

129 2656 132 2662 .
148 2614 233 2664 Omma
244 2626 353 2683 perpetuo
363 2621 472 2685 genitalia
481 2621 567 2688 foedere
578 2621 666 2672 sancit.-
