1892 2892
251 90 289 140 lN
306 91 476 142 RUFINUM
494 94 548 141 Lm.
563 93 596 140 11.
732 100 763 142 55

89 225 207 286 Exaequat
217 225 324 273 damnum
335 226 428 280 meritis,
440 233 464 273 et
474 233 538 274 mutu
547 225 644 274 fcturum
716 231 768 274 482

91 288 166 350 Cogit
176 290 252 338 vincto
262 291 309 352 peti
319 308 324 338 ι
344 291 485 338 tmculentos
495 292 578 353 ingerit
589 292 663 349 ursis3

91 353 261 415 Praedonesque
271 355 337 417 lupis,
348 355 440 402 fallaces
450 356 555 418 vulpibus
564 357 633 404 addit.

89 420 174 480 Atqui
186 418 270 466 desidid
278 436 365 482 semper
376 422 475 481 vinoque
484 429 600 482 gravatus.
715 423 764 468 485

6 499 13 512 ·
92 481 233 546 [indulgens
241 484 335 538 Veneri,
347 486 419 532 voluit
430 494 557 547 torpescere
568 484 643 550 lum]

90 547 164 594 Hunc
177 549 223 596 suis
230 549 353 596 immundae
364 551 460 612 pingues
471 551 569 598 detrudit
579 551 602 596 in
613 559 684 598 onus.

9 629 12 637 ¹
90 613 140 666 Qui
147 615 213 674 justo
223 614 274 676 plus
285 630 335 661 esse
345 615 435 675 loquax,
448 630 575 676 arcanaque
584 616 659 663 suevit

91 676 201 732 Prodere,
214 679 313 741 piscosas
320 678 392 726 fertur
402 681 504 726 victurum
513 680 537 727 in
547 680 627 734 nudus,

92 741 128 788 Ut
139 743 231 790 nimiam
242 750 339 806 pensent
349 752 435 791 aetemo
445 745 533 791 silentia
542 760 630 791 vocem.
717 749 766 793 490

92 807 160 859 Quos
172 809 209 854 ubi
217 824 257 870 per
269 808 348 861 varias,
361 810 426 855 annis
436 817 471 855 ter
482 810 550 864 mille,
562 808 646 874 figurat

91 871 151 933 Egit
162 870 259 919 Lethaeo
270 880 380 936 purgatos
390 872 501 931 flnunine3
518 875 608 921 tandem

91 936 184 983 Rursus
192 938 221 984 ad
231 939 337 984 humanae
348 946 440 985 revocat
447 939 568 1000 primordia
578 939 665 985 sormae.

88 1001 115 1046 T
116 1017 153 1046 urn
166 1017 263 1062 quoque,
273 1002 326 1048 dum
337 1002 388 1049 lites
401 1003 520 1066 Stygiique
531 1004 623 1065 negotio
633 1004 701 1050 solvit

89 1065 161 1111 Dura
170 1065 221 1119 sori,
230 1073 362 1127 veteresque
370 1083 421 1114 reos
433 1083 461 1114 ex
473 1069 551 1115 ordine
561 1069 648 1129 quaerit,
715 1070 763 1116 495

90 1129 203 1176 Rufinum
215 1132 293 1192 procul
302 1147 356 1179 ecce
366 1139 437 1186 notat,
451 1133 545 1194 visuque
556 1149 635 1180 teucro

90 1194 195 1248 Lustrat,
206 1203 228 1241 et
240 1195 325 1242 eximo
337 1195 446 1243 concussi
457 1197 511 1244 cede
519 1198 633 1260 profatur:

124 1267 141 1288 “
155 1258 219 1314 Huc,
232 1261 337 1322 superdm
348 1261 415 1314 labes,
428 1264 472 1308 huc
483 1263 612 1311 insatiabilis
623 1263 671 1308 auri

91 1323 221 1379 Proluvies‚
233 1326 350 1386 pretioque
361 1327 416 1372 nihil
427 1341 472 1372 non
484 1342 538 1375 ause
548 1335 633 1389 parato,

89 1389 208 1449 Quodque
214 1390 268 1437 mihi
277 1405 390 1436 summum
399 1391 471 1438 scelus
478 1399 519 1445 cst,
525 1392 576 1446 huc,
583 1392 682 1452 improbe
687 1392 764 1452 legum

89 1454 220 1511 Venditor;
237 1455 318 1502 Arctoi
330 1455 456 1502 stimulator
466 1456 648 1518 periideMnrtis,
715 1460 761 1503 501

92 1517 167 1581 Cujus
179 1520 208 1564 ob
218 1519 346 1566 innumeras
357 1527 445 1581 strages
455 1529 566 1584 angustus
577 1521 664 1567 Averni

88 1583 146 1631 Jam
158 1584 229 1637 sinus,
242 1590 265 1630 et
275 1583 341 1645 pleni
351 1585 447 1631 lassatur
457 1585 553 1646 portitor
563 1585 622 1632 alno.

89 1647 157 1700 Quid
168 1649 261 1695 demens
271 1648 389 1696 manifesta
399 1649 487 1711 negas?
503 1665 540 1703 en,
552 1657 631 1711 pectus
641 1649 723 1695 inustae

91 1712 233 1760 Deforrnant
243 1714 345 1768 maculae,
357 1714 462 1774 vitiisque
472 1714 566 1762 inolevit
575 1715 666 1776 imago3
715 1716 763 1760 505

92 1777 146 1824 Nec
158 1792 208 1824 sese
219 1779 339 1824 commissa
350 1785 438 1841 tegunt.
457 1779 541 1826 Genus
552 1795 619 1826 omne
630 1780 732 1826 dolorum

92 1841 122 1888 In
134 1850 157 1889 te
168 1842 228 1888 ferre
238 1843 305 1890 libet:
325 1843 391 1890 dubio
402 1844 441 1890 tibi
452 1845 550 1906 pendula
559 1861 626 1907 rupes
703 1870 707 1881 ·

94 1907 218 1954 Immineat
227 1906 306 1969 lapsu:
325 1908 418 1956 volucer
429 1916 452 1956 te
462 1917 566 1970 torquent
575 1911 640 1957 uis:

89 1971 129 2019 Te
139 1971 214 2034 refugi
225 1970 304 2018 fallant
313 1973 398 2025 latices,
409 1981 479 2034 etque
487 1991 528 2020 ore
539 1975 624 2023 natanti

92 2039 191 2084 Arescat
203 2036 295 2098 decepta
305 2037 369 2094 sitis3
385 2038 522 2100 dapibusque
533 2040 623 2094 relictis,
716 2044 765 2086 510

93 2101 122 2148 In
133 2109 174 2148 tua
184 2116 304 2147 mansurus
315 2103 399 2164 migret
409 2105 532 2165 praecordia
541 2104 625 2155 vultur.

90 2166 238 2226 Quamquam
250 2181 329 2212 omnes
340 2168 384 2220 ulii,
395 2183 451 2227 qnos
462 2169 512 2215 lraec
522 2175 635 2216 tormento
644 2169 748 2231 fatigant,
799 2161 801 2169 ’

6 2241 17 2260 ⁵
93 2231 152 2278 Pars
162 2237 232 2290 quota
245 2237 304 2284 sunt,
317 2231 408 2285 Rufine,
418 2232 465 2280 tui!
483 2233 536 2293 quid
546 2234 590 2280 talc
602 2234 638 2280 vel
648 2234 722 2280 audax

92 2295 200 2342 Fulmine
210 2295 351 2348 Salmoneus,
363 2296 400 2342 vel
411 2295 489 2358 lingui
496 2297 606 2344 Tantalus
616 2299 671 2360 egit,

93 2362 144 2407 Aut
154 2361 289 2406 inconcesso
300 2359 382 2420 Tityos
391 2360 485 2421 deliquit
494 2361 588 2408 amore?
716 2365 764 2409 515

90 2423 238 2472 Cunctorum
250 2424 268 2469 si
279 2423 338 2471 lacta
349 2425 549 2489 simuljungantur
558 2427 582 2471 in
593 2440 671 2478 unum,

94 2489 216 2536 Praecedes
227 2503 329 2536 numero.
350 2487 394 2536 Cui
406 2498 468 2536 tanta
479 2490 565 2552 piacula
574 2491 690 2550 quisquam

6 2593 12 2602 .
90 2555 209 2616 supplicio
220 2552 322 2600 conferre
335 2553 411 2601 valeti
424 2555 478 2616 quid
489 2555 584 2614 denique
595 2554 688 2615 dignum

88 2620 205 2668 Omnibus
216 2619 337 2674 inveniam,
347 2619 439 2668 vincant
448 2635 500 2669 cum
511 2619 600 2680 singulo
609 2617 706 2680 poenast

865 2762 941 2876 n
