1892 2892
272 113 322 164 DE
338 113 384 164 iv.
397 113 493 165 CONS.
504 112 665 168 nouom
770 129 804 174 58

126 245 187 300 Quoe
198 239 284 305 campis
294 242 353 290 scies
359 257 367 300 ς
378 257 437 303 -quae
447 241 520 290 fraudi
530 247 676 294 mmmods
685 246 764 305 vallia

109 339 112 346 ι
124 310 187 364 Qaae
198 310 235 356 via
246 307 348 355 difficilis.
368 307 429 356 Fidit
440 309 459 354 si
470 310 582 356 moembus
592 311 671 366 bostis,

124 373 186 422 Tum
198 374 238 420 tibi
249 373 340 420 muralis
350 373 429 420 librato
440 375 544 421 machina
552 375 619 436 pulsu

125 440 187 486 Saxa
198 446 273 495 roteto
290 439 390 500 prlaeceps
401 439 464 493 aries,
475 447 621 500 protectaque
630 449 707 504 portss
747 446 796 489 880

123 502 228 551 Testudo
238 502 317 550 feriat:
338 510 388 549 rust
398 506 627 566 ernersurajuveatus

124 568 211 616 Effossi
221 584 262 630 per
273 575 350 629 operta
360 569 409 614 soli.
427 569 451 615 si
462 569 532 630 longa
542 579 644 618 moretur

125 633 234 690 Obsidio;
252 641 301 679 tum
312 640 366 679 vota
376 647 431 679 cave
442 648 521 680 secura
530 635 638 691 renittas,

123 698 272 746 Inclusumve
282 704 360 760 putess
380 698 458 744 multis
469 699 577 746 damnosa
586 698 650 747 fuere

126 764 229 812 Gaudia:
250 763 342 824 dispersi
352 771 453 826 pereunt,
465 778 576 810 somnove
586 766 661 811 soluti.
743 769 793 816 885

125 829 213 890 Saepius
224 828 322 874 incautae
332 829 410 874 nocuit
420 829 514 874 victoria
524 830 603 875 turbae.

124 894 180 941 Neu
191 894 230 940 tibi
242 891 339 954 regificis
349 894 446 938 tentoria
455 893 520 955 larga
531 894 655 941 redundent

123 959 222 1010 Deliciis
228 975 237 1016 3
254 971 312 1004 neve
322 957 422 1004 imbelles
432 959 460 1004 ad
471 959 537 1020 sigua
546 960 657 1022 maniplos

122 1018 239 1072 Luxuries
250 1029 334 1080 annam
344 1023 429 1069 trabat:
449 1034 495 1069 neu
504 1022 609 1071 flantibus
620 1025 712 1073 Austris

122 1090 179 1138 Neu
189 1087 271 1150 pluviis
281 1087 361 1144 cedas3
378 1101 430 1141 neu,
444 1087 562 1135 defensura
572 1090 678 1147 caloresn,
743 1094 792 1138 8⁴10

122 1158 202 1204 Aurea
212 1153 360 1198 submoveant
369 1153 458 1214 rapidos
469 1154 597 1201 umbracula
606 1155 673 1202 soles.

121 1218 228 1267 quentia
240 1211 303 1264 utiie
313 1217 380 1263 cibis:
400 1217 499 1264 solabere
508 1226 583 1279 partes

113 1283 218 1345 'Equali
229 1282 311 1328 sudore
321 1290 378 1328 tuas.
399 1282 423 1329 Si
434 1282 605 1344 collisiniquus,

122 1351 216 1399 Primus
226 1347 271 1392 ini:
291 1347 370 1393 silvam
382 1347 400 1392 si
411 1347 498 1394 caedere
507 1355 616 1409 provocat
625 1365 687 1405 usus,

122 1411 206 1464 Sumtd
216 1426 245 1458 ne
255 1411 338 1474 pudeat
348 1427 455 1472 quercum
467 1414 573 1464 arcuisse
581 1415 679 1475 bipenni.
743 1416 792 1462 845

122 1479 231 1529 calcatur
243 1477 262 1523 si
271 1477 336 1538 pigra
345 1477 416 1539 palus,
427 1484 480 1522 tuus
491 1484 544 1523 ante
553 1477 689 1539 profundum

121 1546 251 1594 Praetentet
261 1542 363 1603 sonipes:
382 1541 464 1587 fluvios
475 1549 500 1587 tu
511 1551 601 1602 protere
610 1558 678 1589 cursu

120 1609 248 1658 Haerentes
258 1606 344 1669 glacieg
361 1607 457 1666 liquidos
468 1613 495 1651 tu
505 1606 583 1652 scinde
593 1614 677 1653 natatu.

120 1674 194 1736 Nunc
205 1687 273 1734 eques
283 1673 307 1717 in
317 1671 402 1718 medias
412 1672 514 1732 equitum
525 1678 549 1717 te
558 1685 652 1718 consere
662 1679 762 1729 turmam

118 1739 192 1788 Nunc
202 1738 271 1800 pedes
281 1738 372 1783 assistas
382 1737 463 1798 pediti:
478 1744 526 1782 turn
537 1738 646 1798 promtius
656 1738 727 1792 ibunt,
742 1738 792 1785 850

116 1805 157 1854 Te
167 1805 243 1851 socio:
262 1809 311 1849 tam
322 1802 456 1863 conspicuus
466 1808 588 1864 gratusque
598 1801 689 1856 feretur,

119 1871 169 1919 Sub
179 1878 203 1916 te
213 1875 278 1922 teste,
288 1865 378 1913 labor.'‘
395 1867 519 1914 Dicturum
529 1868 593 1928 plura
603 1876 719 1929 parentem

113 1935 187 2008 ÷yoce
194 1933 268 1981 subis:
286 1931 429 1993 “Eqmdem,
443 1931 609 1979 iaveantmodo
618 1931 789 1996 Numinacoep-

215 1999 253 2053 tis,
739 1997 745 2007 '

118 2065 182 2114 Haec
193 2061 273 2114 effecta
283 2062 352 2108 dabo:
373 2075 415 2108 nec
424 2075 463 2108 me
472 2061 580 2123 fratrique
589 2062 673 2123 tibique

117 2128 263 2181 Dissimilem
274 2127 349 2189 populi
361 2127 524 2187 commissaque
534 2143 604 2188 regna
614 2128 728 2175 videbunt.
737 2130 787 2176 355

117 2197 166 2246 Sed
177 2210 217 2242 cur
228 2207 275 2239 non
285 2191 367 2254 potius,
380 2192 453 2238 verbis
463 2207 516 2252 quae
526 2192 622 2249 disseris,
634 2209 676 2240 usu

6 2237 10 2252 Ι
109 2257 249 2323 OErqierior?
266 2257 352 2319 gelidas
363 2264 423 2303 certe
434 2271 495 2303 nunc
505 2257 579 2304 tendis
589 2258 611 2303 in
625 2258 708 2319 Alpes:
777 2303 781 2307 ,

115 2329 172 2378 Duc
183 2333 261 2372 tecum
272 2323 390 2368 comitem:
410 2321 491 2384 figant,
502 2323 558 2376 siae,
570 2329 648 2369 nostra
656 2331 778 2383 tyrannum

116 2391 223 2456 Spicula:
241 2387 348 2450 pallescat
359 2394 443 2442 nostro,
456 2387 512 2440 sine,
523 2388 629 2434 barbarus
637 2403 701 2434 arcu.
774 2386 777 2395 “

114 2457 237 2507 Italiamne
246 2453 317 2499 feram
327 2451 391 2498 furiis
401 2452 513 2513 praedonis
524 2452 597 2498 acerbi
738 2456 787 2500 860

113 2518 263 2585 Subjectam?
279 2516 350 2579 patiar
360 2517 460 2564 Romam
470 2517 555 2563 servire
563 2516 658 2564 clienti?
747 2524 753 2529 ·

107 2589 199 2650 fidaque
209 2584 296 2631 meone
306 2583 379 2644 pueri
396 2597 438 2629 nec
448 2597 486 2629 me
495 2582 582 2643 pollata
590 2588 698 2644 potestas,

26 2641 32 2658 ⁸
112 2653 167 2704 Nec
178 2651 215 2716 pia
225 2647 317 2712 cognati
327 2646 630 2711 langetviadictacruon'sl
656 2700 660 2708 ι

543 2717 590 2757 13
