1892 2892
144 103 177 150 26
310 99 349 148 IN
366 97 535 154 RUFINUM
553 96 606 145 Lu.
618 96 653 144 Il.

144 228 273 290 Ingenium,
287 244 405 290 sacrasque
415 227 476 276 fores
485 228 610 290 praedivitis
620 229 679 275 aulae
770 230 817 272 142

146 291 228 347 Intrat,
241 302 264 340 et
272 294 396 342 Arcadium
407 294 479 340 mixto
491 301 576 340 terrore
585 302 701 356 precatur:

178 365 194 388 ‘⁶
207 358 252 405 Per
261 358 337 406 fratris
348 359 424 421 regale
430 360 504 421 jubar,
516 374 556 421 per
566 358 626 406 facta
636 357 735 420 parentis

145 423 251 477 AEtherii,
264 423 387 485 floremque
395 424 427 470 tui
439 431 462 470 te
472 425 580 486 deprecor
591 424 643 476 sevi,
770 423 817 467 145

145 488 216 550 Eripe
227 503 264 534 me
274 489 367 550 gladiis:
386 489 452 536 liceat
461 489 590 536 Stilichonis
601 489 688 548 iniquas

146 553 242 601 Evitare
252 555 338 601 minas:
357 554 381 599 in
393 562 493 601 nostram
505 554 580 601 Gallia
590 553 676 600 caedem

147 615 271 680 Conjurata
282 618 358 666 venit:
378 619 485 680 quidquid
494 619 551 680 ligat
562 619 640 666 ultima
647 616 744 676 Tethys,

146 682 270 730 Extremus
280 684 339 730 ultra
350 685 428 731 volitat
439 699 497 746 gens
508 685 581 744 siqua
592 683 723 733 Britannos,

145 747 214 795 Mota
226 749 290 796 mihi:
310 750 378 796 tantis
389 749 489 810 capiendi
501 749 612 794 credimur
622 745 707 793 armis?
770 747 818 790 150

146 811 194 859 Tot
202 814 273 876 signis
283 829 352 862 unum
363 815 447 876 petitur
457 813 541 875 caput?
558 813 617 858 unde
628 811 714 857 cruoris

146 875 195 924 Ista
206 879 271 925 sitis?
287 879 404 941 geminum
415 879 467 924 coeli
478 877 520 924 sibi
528 877 626 937 ¹uindicat
636 890 709 928 axem,

146 942 180 990 Et
191 943 277 990 nullum
286 944 335 990 vult
346 959 395 1000 esse
406 958 490 1004 parem.
509 941 660 988 succumbere
669 940 743 1001 poscit

148 1006 238 1056 Cuncta
248 1009 301 1055 sibi:
320 1009 379 1070 regit
390 1006 487 1061 Italiam,
501 1005 635 1068 Libyenque
645 1005 749 1051 coircet:

148 1071 258 1134 Hispanis
271 1072 472 1134 Gallisquejubet:
492 1086 539 1117 non
550 1071 622 1117 orbita
633 1070 699 1122 Solis,
771 1071 817 1114 155

147 1135 203 1182 Non
213 1138 276 1184 illurn
288 1135 377 1183 Natura
388 1137 459 1198 capit:
479 1144 631 1196 quascumque
640 1134 727 1197 paravit

148 1198 198 1248 Hic
207 1201 327 1264 Augustus
336 1217 397 1262 opes,
407 1210 430 1247 et
441 1202 497 1262 quas
508 1209 560 1262 post
567 1201 625 1247 bella
635 1199 727 1261 recepit,

148 1267 216 1314 Solus
227 1267 307 1312 habet:
325 1281 429 1328 possessa
439 1267 509 1312 semel
520 1281 566 1312 non
578 1265 669 1313 reddere
679 1271 750 1310 curat.

149 1331 240 1378 Scilicet
250 1331 288 1378 ille
296 1330 385 1392 quidem
396 1329 516 1391 tranquilli
526 1330 690 1392 paceiruatur;

149 1395 201 1442 Nos
211 1404 299 1458 premat
309 1395 413 1442 obsidio?
430 1397 484 1458 quid
491 1404 577 1457 partem
588 1394 694 1441 invadere
705 1391 794 1439 tentat?

139 1461 248 1508 ¹Deserat
259 1459 363 1522 Illyricos
374 1458 447 1519 lines;
464 1461 517 1508 an
525 1460 626 1506 bernittat
773 1461 817 1502 161

149 1527 265 1589 Agmina3
281 1525 391 1573 fraternas
402 1541 431 1572 ex
442 1541 508 1588 aequo
518 1525 603 1573 dividat
613 1525 702 1580 hustas;

129 1601 134 1611 ¹
149 1591 202 1638 Nec
211 1588 291 1653 sceptri
303 1599 391 1638 tantum
402 1591 479 1645 fueris,
490 1592 529 1638 sed
537 1591 621 1643 militis,
633 1591 713 1634 haeres.

151 1656 220 1710 Quod
231 1656 250 1703 si
260 1656 386 1704 dissimulas
397 1664 482 1703 nostrae
493 1670 622 1702 succurrere
632 1653 708 1705 morti,

149 1721 202 1768 Nec
213 1721 329 1784 prohibere
340 1736 419 1782 param
438 1719 522 1766 Manes
533 1726 557 1766 et
567 1719 640 1764 sidera
650 1724 728 1767 testor,
775 1719 821 1764 165

151 1786 212 1833 Haec
223 1786 301 1832 cervix
309 1801 355 1832 non
366 1786 415 1831 sola
425 1784 502 1830 cadet:
522 1782 651 1828 miscebitur
660 1781 718 1826 altar

150 1851 263 1914 Sanguis3
281 1865 322 1898 nec
333 1850 424 1912 Stygias
434 1848 493 1894 ferar
503 1847 648 1894 incomitatus
658 1845 687 1891 ad
698 1845 795 1898 umbras,

150 1914 203 1963 Nec
213 1932 263 1963 mea
274 1929 365 1962 securus
377 1913 455 1959 ridebit
465 1911 545 1959 funera
555 1907 654 1957 victor.”

184 1980 246 2027 Haec
258 1981 301 2035 ubi,
312 1976 516 2033 dictaturfacinus;
532 1976 658 2036 missusque
666 1980 764 2036 repente,

151 2045 199 2100 Qut
209 2044 266 2092 ferat
277 2052 377 2092 extortas
387 2043 458 2088 invito
467 2041 567 2104 principe
577 2055 653 2086 voces.
775 2042 823 2087 170

184 2109 274 2156 Interea
284 2109 402 2160 stilichon,
409 2107 457 2170 jam
468 2106 543 2154 laetior
553 2107 619 2152 hoste
628 2104 761 2166 propinquo,

151 2175 204 2222 Nec
215 2174 287 2221 multo
299 2173 363 2236 spatii
375 2171 508 2220 distantibus
518 2186 610 2232 aequore
620 2170 691 2223 vallis,

152 2238 274 2302 Pugnandi
284 2238 375 2301 cupidas
386 2237 488 2285 accendit
498 2252 555 2285 voce
566 2237 677 2283 cohortes.

152 2304 268 2352 Anneniis
278 2302 341 2350 frons
350 2304 410 2350 laeua
420 2303 502 2360 datum
517 2318 558 2364 per
568 2311 653 2348 cornua
661 2298 742 2347 Gallos

151 2369 290 2416 Dexteriora
299 2369 367 2416 locat.
387 2368 479 2431 Spumls
488 2366 684 2430 ignescereirena,
776 2365 823 2411 175

153 2433 257 2481 Pulveris
268 2433 347 2480 extolli
357 2433 452 2488 nimbos,
461 2434 551 2493 lateque
558 2432 646 2479 videres

153 2499 253 2561 Surgere
262 2499 378 2562 purpureis
387 2499 498 2546 undanter
506 2498 616 2560 anguibus
627 2497 709 2547 hastas,

155 2563 336 2626 Serpentquue
345 2579 404 2626 vago
414 2564 498 2610 coelum
510 2564 589 2611 saeuire
600 2560 684 2607 volatu.

153 2627 237 2692 Implet
247 2629 388 2682 Thessaliam
399 2629 452 2678 ferri
464 2629 524 2677 nitor
529 2644 538 2687 3
555 2635 663 2687 antroque
674 2622 735 2671 dotti
