1892 2892
252 111 479 166 muniuntur
496 113 551 164 Lm.
567 111 602 164 ll.

11 249 17 256 '
99 242 203 304 Utraque
213 249 288 290 castra
298 257 402 299 movens,
414 241 497 292 Phoebi
507 243 639 307 properator

99 307 186 356 Gallica
196 307 298 355 discretis
309 307 405 370 anque
416 310 497 356 robora
506 308 587 356 turmis

98 370 251 436 Complexus:
269 387 384 435 nunquam
393 380 463 422 tantm
474 373 559 421 ditione
570 375 612 421 sal>
622 371 667 422 uni

97 434 232 486 convenere
243 453 330 491 monus,
343 453 386 486 nec
396 445 432 486 tot
441 437 571 485 (lisonminn
580 453 671 486 vocum.

11 511 18 528 ³
99 499 164 550 Illinc
172 503 292 550 Armene
299 502 391 550 vibratis
402 503 558 558 crinibusnlm

99 565 200 615 Herbida
208 567 311 616 collectae
317 566 377 615 incili
387 568 500 616 velamina
509 567 584 625 nodo;

97 627 153 678 Inde
163 640 240 680 truces
248 631 308 679 flavo
319 633 456 680 comitantur
465 633 551 680 vertice
559 632 629 686 Galli.
723 633 732 676 1
741 634 772 676 10

99 695 162 750 Quos
174 695 303 744 Rhodanus
313 698 388 750 velox,
401 698 481 745 Araris
492 713 550 758 quos
560 697 644 745 tardior
654 696 739 753 ambit3

98 758 130 808 Et
140 777 199 823 quos
210 769 329 809 nascentes
340 763 442 824 explorat
452 763 545 825 gurgite
555 762 666 820 Rhenus;

99 825 210 888 Quosque
220 826 281 889 rigat
292 833 352 873 retro
362 827 475 890 pernicior
485 827 547 874 uude
555 827 689 880 Garumnae,

98 889 182 938 Oceani
194 891 262 953 pleno
273 891 362 952 quoties
372 891 494 954 impellitur
504 899 571 939 reatu

97 955 167 1002 Mens
175 957 255 1002 eadem
266 957 360 1010 cunetis,
370 956 484 1018 animique
491 956 590 1004 recentia
599 963 688 1019 ponunt
725 956 772 1002 115

97 1019 213 1068 Vulnera:
233 1035 280 1066 uon
292 1019 339 1067 odit
349 1021 430 1076 vietus,
443 1021 545 1068 victorve
556 1022 661 1085 superbit.

97 1083 129 1132 Et
139 1085 245 1148 quamvis
255 1099 356 1147 praesens
366 1093 450 1140 tumor,
462 1093 486 1132 et
494 1087 568 1134 civilia
576 1101 648 1149 nuper

98 1147 207 1204 Classica
216 1150 364 1210 bellatrixque
373 1149 442 1197 etiarn
453 1165 515 1197 nunc
525 1152 558 1198 ira
569 1152 657 1205 caleret,

99 1213 126 1260 ln
137 1215 203 1262 ducis
213 1215 323 1262 eximium
334 1211 609 1277 conspirauirelavorem.

98 1278 167 1326 Haud
178 1279 252 1334 aliter,
266 1279 362 1326 Xerxen
374 1287 422 1326 toto
434 1281 502 1327 simul
512 1281 565 1327 orbe
576 1287 673 1334 secutus,
726 1281 774 1325 lto

96 1343 209 1391 Narratur
219 1345 321 1407 rapuisse
331 1343 404 1406 vag'os
414 1346 527 1393 exercitus
537 1360 623 1399 amnes,
697 1357 701 1361 ’
787 1401 791 1410 Ι

11 1451 13 1462 ,
97 1407 130 1456 Et
140 1409 192 1456 telis
203 1406 320 1456 umbrisne
331 1408 398 1464 diem,
411 1424 463 1457 cum
475 1410 584 1458 classibus
594 1412 638 1457 iret

97 1472 141 1520 Per
152 1474 266 1536 scopulos,
277 1481 407 1535 tectumque
417 1475 486 1538 pedes
496 1482 652 1522 contemneret
663 1488 748 1536 aequor.

97 1537 144 1584 Vix
153 1538 226 1600 Alpes
237 1545 393 1601 transgressus
403 1546 465 1598 erat;
483 1555 526 1587 nec
531 1541 580 1602 Jam
591 1540 687 1602 amplius
697 1545 756 1586 errat

97 1601 226 1661 Barbnnts3
244 1603 411 1665 adventumque
418 1611 527 1658 tremens,
539 1605 636 1667 retegit
645 1605 669 1650 in
680 1617 748 1650 unam
816 1655 825 1668 .

97 1665 227 1722 Planiuern,
239 1675 335 1730 tutoque
345 1668 609 1732 includitpusouagyro.
728 1671 773 1715 126

96 1731 157 1780 Tum
169 1732 281 1795 duplicem
292 1733 385 1789 fossam,
394 1749 440 1781 non
451 1733 606 1796 exsuperabile
615 1733 707 1787 vallum,

97 1797 198 1860 Asperat
209 1798 302 1845 alternis
313 1798 419 1856 sudibus3
436 1799 541 1860 murique
549 1799 624 1846 locata

96 1860 125 1908 In
134 1863 242 1926 speciem,
251 1863 318 1910 oaesis
326 1864 427 1911 obtendit
436 1864 536 1926 plaustra
541 1864 654 1925 juvencis.

128 1927 164 1974 At
174 1928 255 1990 procul
266 1929 389 1991 exsanguia
400 1927 511 1975 Rufinum
521 1929 617 1990 perculit
628 1927 721 1976 horror:

99 1990 196 2039 iniectae
206 1993 292 2054 pallore
302 2007 383 2054 gente:
404 1993 466 2042 stetit
477 2009 516 2040 ore
526 1994 603 2055 gelato
727 1995 770 2039 131

97 2053 212 2110 incertus,
224 2064 341 2120 peteretne
350 2056 437 2121 fugam,
450 2059 570 2105 veniamne
580 2059 685 2106 subactus

96 2119 216 2176 Posceret,
229 2133 258 2169 nn
269 2121 327 2169 lidos
339 2137 389 2173 sese
399 2121 531 2170 transferret
541 2123 565 2169 in
576 2123 660 2171 hostes.

95 2185 160 2240 Quid
172 2197 234 2232 nuno
246 2187 339 2242 divitiae,
348 2187 405 2249 quid
412 2185 469 2234 fului
477 2195 542 2235 rasta
549 2186 634 2236 metelli

96 2249 233 2313 Congeries,
244 2252 298 2313 quid
308 2252 426 2316 purpureis
434 2250 512 2300 effulta
522 2252 634 2304 columnis
729 2255 774 2298 135

95 2315 169 2370 Atrio,
182 2317 309 2378 prolataeve
317 2319 400 2380 jurant
410 2317 439 2364 ad
450 2317 523 2364 sidera
533 2315 621 2364 moles?

94 2380 168 2427 Audit
180 2381 231 2435 iter,
245 2389 395 2443 numeratque
406 2382 460 2436 dies,
474 2382 591 2444 spatioque
600 2377 689 2428 uiarum

94 2444 195 2493 Metitur
207 2446 286 2493 vitam.
306 2444 437 2508 Torquetur
447 2461 504 2508 pace
512 2444 604 2502 iuturi5

92 2507 144 2558 Neo
157 2509 238 2572 recipit
247 2525 357 2568 somnos3
374 2518 398 2558 et
409 2525 470 2573 saepe
481 2511 589 2558 cubilitus
600 2521 677 2556 amens

11 2587 23 2646 p
92 2573 228 2628 Excutitur,
241 2589 381 2638 poenamque
391 2577 433 2622 luit
443 2575 564 2622 formidine
573 2587 656 2636 poenae.
709 2634 715 2645 ι
730 2573 776 2615 140

11 2649 13 2684 1
93 2639 137 2686 Sed
150 2640 210 2688 redit
221 2640 245 2688 in
259 2641 350 2697 rabiem,
362 2641 517 2702 scelerumque
527 2640 626 2685 immane
634 2642 734 2684 resumit.
764 2655 769 2666 ·

567 2718 583 2747 1)
