1892 2892
198 75 229 119 12
369 70 408 120 IN
425 70 595 122 RUFINUM
614 72 666 121 Lus.
680 74 701 122 1.
754 112 758 125 .

193 197 290 262 Magius,
302 205 326 245 et
336 207 399 246 totos
410 200 541 262 serpentum
552 203 625 248 erexit
636 203 717 256 hiatus,
794 216 797 222 ¹
813 232 817 238 ‹
834 209 864 251 66
872 209 905 260 tlt

193 260 316 324 Noxioque
327 263 405 311 effudit
417 279 528 312 concusso
539 265 601 313 crine
611 281 705 314 uenena.
879 271 905 324 lq

225 326 319 390 Anceps
329 337 405 376 motus
416 330 553 392 eratpulgi:
571 346 623 392 pars
634 332 731 379 maxima
741 331 822 381 teum
874 336 904 389 lu

193 389 278 440 Indicit
289 394 381 456 Superis
390 411 398 451 ;
415 409 466 457 pars
475 393 539 444 Ditis
546 396 600 458 jura
610 403 701 442 tuetur:
882 402 904 454 lq

192 456 352 520 Dissensuque
360 460 426 506 alitur
438 475 515 506 rumor
523 477 532 518 ς
548 476 590 507 ceu
601 467 726 508 murmurat
737 461 776 509 ulti
832 464 864 509 to
882 467 905 519 la

193 519 310 584 Impacata
319 523 382 585 quies
392 523 473 586 pelagi,
486 540 546 579 cum,
558 523 649 572 flamine
662 524 741 580 fracto,
883 530 904 594 ᾗ

192 585 270 635 Durat
277 588 350 636 adhuc
361 589 471 650 saevitque
482 596 565 644 tumor,
576 590 712 652 dubiumque
721 605 762 653 per
773 597 854 639 testum
884 596 904 650 ,ἢ

193 649 400 710 Lasmrecedentis
411 652 501 702 fluitant
512 655 686 716 vestigiaueuti.
804 701 809 710 ,
885 664 905 715 lq

226 716 332 780 Improba
342 733 397 766 mox
408 719 481 780 surgit
491 719 548 766 tristi
560 719 651 766 desede
662 719 775 782 Megaers,
885 728 905 779 lq

193 781 270 838 Quam
281 797 350 846 penes
360 784 432 830 insani
443 783 554 837 fremitus,
565 784 678 845 animique
688 783 795 846 profanius
833 788 863 834 75
886 794 904 851 'tp

192 846 272 903 Error,
282 856 306 895 et
316 849 426 902 undantes
437 848 523 910 spumis
532 847 647 895 furialibus
657 850 705 896 iras
887 855 905 911 ssu

192 912 250 960 Non
260 914 303 960 nisi
314 913 436 975 quaesitum
446 910 545 974 cognati
555 913 617 959 cede
627 929 739 968 cruorem,
888 923 904 977 ‘q

192 975 336 1034 sslicitumve,
348 977 409 1030 bibit
422 978 508 1039 patrius
517 992 583 1038 quem
594 977 676 1024 fuderit
687 979 756 1032 ensis,
897 998 905 1041 p

193 1042 269 1097 Quem
281 1042 382 1090 dederint
391 1041 479 1089 fratres.
499 1041 561 1089 Haec
572 1042 652 1089 terruit
663 1042 771 1091 Herculis
779 1060 824 1099 ora,
888 1053 904 1105 P:

116 1129 126 1140 ··
192 1107 226 1154 Et
237 1106 367 1158 defensores
378 1115 488 1154 terrarum
499 1106 579 1168 polluit
589 1123 670 1165 arcus3
832 1113 864 1156 80
889 1119 905 1171 ᾖ

193 1171 255 1220 nso
266 1173 426 1220 Athamanteae
437 1171 518 1218 direxit
529 1172 614 1233 spicula
624 1172 726 1230 dextrae;
889 1186 905 1233 ,q

193 1236 262 1291 Haec,
274 1236 470 1301 Agamemnonios
481 1236 541 1284 inter
550 1237 657 1284 hacchma
667 1244 767 1299 penula,
834 1270 837 1277 «

192 1302 295 1352 Alternis
306 1301 361 1349 lusit
368 1301 472 1364 jugulis3
490 1302 532 1350 hac
543 1302 640 1363 auspice,
652 1303 720 1349 taedse

193 1366 323 1430 OEdipoden
335 1367 408 1419 matri,
422 1372 482 1414 natac
489 1364 587 1428 junxere
596 1365 721 1427 Thyesteo.

192 1431 253 1488 Qnae
264 1439 319 1483 tuuc
329 1430 452 1478 horrisonis
460 1429 540 1478 ellhtur
551 1431 604 1478 talis
614 1431 693 1480 dictis:
831 1436 864 1482 85
898 1414 904 1445 i

225 1504 242 1528 “
253 1497 325 1560 Signa
335 1497 433 1557 quiden,
445 1511 459 1542 o
471 1493 554 1544 sociae!
572 1496 649 1544 Divos
660 1495 763 1544 attollere
774 1504 856 1547 contra
895 1513 904 1556 ᾖς

192 1561 244 1610 Nec
254 1561 288 1609 las
299 1570 341 1617 est,
354 1576 396 1608 nec
407 1575 474 1623 posse
485 1576 549 1608 reor:
569 1561 609 1608 sed
618 1561 701 1608 laedere
711 1562 821 1609 mundum
896 1593 904 1624 q

191 1627 217 1675 si
228 1627 288 1682 libet,
301 1635 325 1674 et
334 1625 423 1690 populis
433 1641 554 1674 commune
561 1625 677 1673 intendere
688 1625 766 1681 letum,
895 1640 903 1687 q

188 1691 236 1740 Est
247 1692 301 1738 mihi
312 1691 439 1754 prodigium
447 1691 535 1738 cunctis
544 1690 663 1738 immanius
673 1691 759 1751 hydris,
889 1706 903 1765 p

898 1834 903 1865 ι

895 1578 899 1587 r

895 1610 897 1617 ι

900 1646 902 1677 l

190 1756 285 1819 'ligride
295 1757 398 1804 mobilius
406 1753 459 1804 tert.
468 1755 589 1802 violentius
600 1755 693 1801 Austris
832 1761 867 1805 90

191 1822 296 1876 Acribus,
309 1820 390 1882 Euripi
401 1818 478 1866 refluis
489 1819 595 1866 incertius
607 1820 681 1873 undis,

191 1886 306 1944 Rufinus;
324 1900 390 1946 quem
401 1883 471 1946 prima
483 1899 542 1939 meo,
554 1884 582 1931 de
592 1891 664 1932 matre
671 1884 798 1940 cadentem,

191 1951 285 2014 Suscepi
295 1949 398 2014 gremio:
417 1964 501 2012 parvus
511 1949 608 2011 reptavit
618 1949 642 1994 in
652 1950 697 1996 isto

192 2017 258 2077 Saepe
270 2016 320 2062 sinu
326 2031 335 2074 ;
352 2022 431 2062 tenero
442 2009 549 2079 [perque]
560 2014 630 2062 ardua
640 2015 698 2060 oolla
708 2014 801 2074 volutum

169 2109 175 2140 ,
191 2080 270 2128 Ubera
278 2079 383 2140 quesivit
394 2078 466 2136 fletu;
480 2077 609 2140 linguisque
619 2079 717 2126 trisulcis
805 2117 809 2124 .
834 2085 868 2130 95

191 2145 274 2193 Mollis
283 2145 407 2192 lambentes
417 2142 532 2191 finxerunt
542 2158 583 2191 ors
593 2151 695 2191 cerastae.

190 2209 278 2271 Meque
288 2209 355 2258 etiam
366 2208 477 2264 tradente,
489 2209 554 2259 dolos
563 2214 680 2270 artemque
690 2208 788 2256 nocendi
898 2212 901 2305 ι

190 2274 306 2324 Edidicit:
324 2273 429 2322 simulare
439 2272 515 2328 iidem,
528 2288 651 2334 sensusque
662 2273 762 2322 minaces

190 2339 322 2403 Protogene.
335 2346 358 2386 et
368 2337 449 2386 blando
459 2337 561 2387 t'raudem
571 2345 697 2400 praetexere
711 2337 766 2402 risu,

191 2403 277 2451 Plenus
288 2404 390 2458 saevitiae,
401 2404 503 2466 lucrique
514 2402 617 2464 cupidine
627 2401 726 2449 feruens.
822 2407 875 2454 loo

190 2467 246 2516 Non
257 2468 406 2516 Tartessiacis
417 2468 481 2515 illurn
492 2467 578 2515 satiirit
587 2467 661 2514 arenis

189 2531 324 2596 Tempestas
335 2534 433 2596 pretiosa
443 2533 511 2596 Tagi,
524 2547 570 2578 non
582 2539 662 2593 stagna
673 2532 774 2578 rubentis

190 2599 268 2651 Aurea
280 2597 381 2648 Pactoli:
402 2605 521 2661 totumque
531 2596 658 2648 exhauserit
670 2595 786 2655 Hermum
793 2615 804 2656 ς
