1892 2892
189 139 239 190 DE
256 135 533 188 monacnum
549 135 646 188 CONS.
744 141 760 187 '1

92 265 208 326 Prospera
217 263 297 312 vibrati
308 269 431 311 tonuemnt
441 263 519 311 omina
529 264 606 311 nimbi.
718 265 767 309 208

93 331 193 392 Accepit
204 329 292 390 sonitus
299 328 377 377 curvis
387 328 509 378 Tiberinus
518 329 544 375 in
553 329 631 383 antris,

94 393 151 444 lma
160 394 219 442 valle
229 394 324 452 sedem
341 394 477 455 arrectisque
486 394 577 440 aurilrrs
585 394 661 448 besil,
719 394 769 442 210

95 458 170 506 ‘Unde
181 458 310 522 repentinus
320 459 373 506 coeli
382 458 468 521 fragor.
488 457 555 506 Ilicet
564 459 639 505 herbis

97 524 214 572 Pallentes
224 523 341 577 claumos,
354 529 377 570 et
388 529 472 570 structa
481 523 563 571 rubilia
571 539 659 579 musco,

98 589 201 642 Deserit,
210 603 239 636 ac
251 587 366 649 Nymphis
376 603 455 635 umam
466 588 611 636 commendat
620 589 720 637 haitan.
764 624 768 632 ,

99 653 138 700 Illi
149 653 230 716 glauca
240 655 313 700 nitent
323 653 410 700 hirsuto
420 651 507 716 lanuino
515 653 589 707 vultu,
829 689 832 696 .

100 715 307 768 Coeruleisinfeota
316 717 385 770 notis,
397 717 608 780 reddentiapatrem
720 720 772 766 215

100 783 233 831 Oceanum:
252 783 326 844 crispo
337 782 443 829 densatur
452 783 557 844 gramine
564 783 630 829 coba·

100 847 195 896 Vertice
204 847 304 899 luxuriet
314 853 363 896 toto
374 847 463 893 crinalis
474 847 569 904 arundo,

101 913 178 968 Quam
189 927 264 974 neque
272 911 307 958 fas
317 908 427 973 Zephyris
437 911 519 974 frangi,
531 922 581 966 nec,
593 911 642 959 sole
649 918 770 975 perustm

101 977 195 1026 AEstivo
206 976 303 1040 candore
311 976 385 1033 oroth
403 976 442 1023 sed
452 976 527 1023 vivida
536 976 634 1031 frondet,
650 1003 654 1011 .

101 1043 243 1104 AEquaevum
253 1041 371 1102 complexa
381 1049 461 1103 caput:
481 1042 569 1089 taurina
578 1042 683 1089 levantur
723 1045 773 1092 220

102 1107 197 1156 Cornua
208 1105 345 1169 temporibus
355 1121 435 1152 raucos
445 1106 549 1154 sudantia
558 1107 627 1154 rivos.

101 1173 228 1222 Destilluut
239 1187 280 1234 per
289 1177 368 1247 peetus
379 1185 457 1231 aquae:
476 1171 540 1217 frons
550 1172 637 1234 hispida
647 1180 724 1220 manat

102 1237 230 1285 Imbribus:
249 1237 272 1284 in
283 1236 379 1296 liquidos
389 1234 465 1282 sontes
476 1251 501 1283 se
511 1236 577 1284 barbo
588 1238 688 1300 repectit.

102 1302 168 1350 Palla
178 1311 261 1364 graves
271 1303 377 1348 humeros
388 1301 454 1354 velat,
466 1316 534 1362 quam
546 1310 639 1350 neverat
649 1317 708 1349 uxor

102 1366 154 1418 Ilia,
165 1380 299 1429 percurrens
310 1365 392 1412 uitreas
403 1366 444 1412 sub
454 1366 546 1428 gurgite
556 1367 619 1414 edas.
723 1368 781 1413 225Ι

135 1431 182 1479 Est
193 1432 216 1477 in
227 1431 341 1482 Romuleo
351 1425 501 1492 procumbens
510 1431 584 1479 insula
593 1431 665 1486 libri,

104 1494 160 1551 Qut
170 1495 260 1542 medius
268 1495 371 1557 geminas
382 1494 491 1542 interfluit
502 1496 580 1542 alveus
590 1497 657 1543 urbes

102 1563 224 1612 Discretes
236 1561 345 1612 subeunte
354 1559 429 1617 sret03
444 1561 571 1622 pariterque
581 1561 693 1607 minantes

103 1627 186 1675 Ardua
196 1623 315 1687 turrigerae
325 1631 422 1686 surgunt
432 1624 455 1670 in
466 1625 566 1673 culmina
576 1625 638 1686 ripae.

104 1692 155 1740 ch
163 1691 233 1744 stetit,
243 1689 371 1742 sternitum
380 1689 495 1754 prospexit
502 1691 530 1737 ab
537 1705 621 1753 aggere
627 1695 776 1750 votum3'930

105 1755 235 1805 Unanimes
245 1753 333 1808 fratres,
341 1755 423 1818 juncto
434 1755 532 1816 stipante
541 1763 628 1810 senatu,

102 1821 145 1870 lre
156 1820 238 1874 forum,
251 1820 383 1881 strictasque
393 1819 471 1880 procul
482 1820 567 1867 radiare
577 1835 674 1876 secures,

105 1889 186 1947 Atque
196 1900 243 1936 uno
253 1885 341 1948 bijuges
352 1885 405 1934 tolli.
412 1885 440 1931 de
450 1885 528 1935 limine
537 1884 617 1936 fasces.
668 1892 673 1900 ’

105 1951 231 2012 Obstupuit
241 1950 306 2008 risu;
324 1963 476 2010 suspensaque
485 1949 568 2012 gaudia
576 1966 656 2001 rocem

106 2017 246 2080 Oppressum
258 2011 350 2065 tenuere
361 2014 414 2071 diu;
430 2029 486 2064 mox
496 2015 651 2063 inchoatore:
729 2018 778 2065 285

142 2089 159 2110 ‘⁴
167 2079 274 2142 Respice,
285 2079 305 2132 ‚si
317 2079 372 2130 tales
378 2081 451 2142 jactas
461 2079 545 2126 aluisse
555 2079 653 2134 fluentis,

103 2146 198 2196 Eurota
210 2145 326 2207 Spartane,
338 2144 390 2194 tuis,
410 2143 473 2198 Quid
484 2145 577 2206 protulit
588 2161 677 2206 aequum

107 2211 191 2263 Falsus
202 2209 260 2263 olor,
271 2209 345 2262 ualido
356 2209 459 2269 quamvis
471 2209 590 2257 decernere
600 2218 672 2257 caestu

106 2268 203 2330 Ndrint,
215 2282 238 2322 et
249 2274 333 2321 ratibus
342 2289 416 2324 aaran
426 2289 503 2320 arcere
512 2275 639 2336 procellas?

107 2341 150 2390 En
161 2355 221 2398 nova
232 2339 323 2388 Ledaeis
335 2339 422 2391 soboles
431 2339 555 2401 fulgentior
565 2339 644 2388 astris!
731 2345 781 2386 240

107 2405 174 2454 Ecce
184 2406 229 2452 mci
240 2403 314 2458 dues!
333 2419 427 2464 quorum
434 2404 595 2470 jam·Signifer
606 2411 669 2465 optut

108 2471 252 2524 Adventum,
265 2469 380 2528 stellisque
390 2477 453 2530 parnt
464 2477 567 2515 convexa
576 2467 665 2515 futuris.

105 2536 163 2586 Jnm
174 2551 215 2598 per
225 2535 359 2595 noctivagos
370 2534 499 2579 dominetur
510 2533 617 2593 Olybrius
627 2548 688 2587 axes,
740 2564 743 2569 «

108 2601 159 2648 Pro
171 2599 267 2648 Polluce
277 2600 366 2652 rubens,
379 2614 419 2660 pro
432 2595 528 2646 Castore
538 2596 630 2643 flamma
640 2597 739 2645 Probini.

107 2666 159 2730 Ipsi
170 2667 222 2715 vela
233 2670 327 2727 regent:
346 2663 400 2725 ipsis
411 2663 546 2712 donantibus
556 2676 628 2715 auras,
735 2664 783 2706 245
