1892 2892
198 381 252 465 na
276 412 405 463 saxro
429 410 673 460 consuna‘ru

211 558 420 626 HONORII
443 555 658 624 AUGUSTI

328 733 535 784 PANEGYRIS·

101 1052 194 1098 Arrana
205 1043 314 1093 Fortunae
321 1041 407 1089 Reduci
420 1041 438 1087 si
450 1039 533 1102 templa
539 1039 625 1101 priores
691 1083 695 1091 ,

101 1116 138 1163 Ob
149 1112 245 1158 reditum
256 1106 340 1156 vovdrc
349 1108 438 1159 ducum,
451 1121 506 1152 num
518 1105 607 1167 dignius
618 1119 716 1165 unquam

100 1177 163 1226 Haec
174 1175 233 1228 Dea,
246 1191 286 1236 pro
297 1172 389 1224 meritis,
401 1171 486 1232 amplas
497 1171 537 1216 sibi
548 1175 649 1231 posceret
662 1169 729 1224 aedes,

100 1243 185 1298 Quam,
198 1249 239 1286 sua
249 1254 300 1284 cum
311 1237 393 1299 pariter
404 1235 485 1281 trabeis
495 1242 609 1296 reparetur
619 1241 642 1280 et
654 1233 712 1280 Urbi

99 1303 230 1371 Majestss?
246 1301 389 1363 nequeenim
402 1298 502 1360 Campus
510 1299 616 1345 sollennia
624 1306 647 1344 et
658 1313 715 1344 urna
752 1298 769 1344 5

99 1371 198 1420 Luditur
205 1370 229 1415 in
239 1383 326 1414 morem
335 1383 343 1423 3
360 1365 445 1426 species
462 1379 503 1410 nec
514 1363 604 1410 dissona
614 1370 683 1418 centu,

99 1441 150 1486 Aut
160 1433 278 1498 peregrina
288 1432 345 1477 nitet
356 1429 451 1476 simulati
458 1429 517 1490 Juris
527 1429 611 1490 imago

100 1501 222 1563 Indigenas
233 1497 320 1544 babitus
331 1495 406 1541 nativa
417 1493 505 1539 Palatia
515 1499 606 1538 sumunt
612 1508 621 1549 ;

99 1567 141 1621 Et,
152 1564 230 1628 patriis
240 1562 327 1624 plebem
338 1559 416 1606 castris
428 1557 526 1604 sociante
538 1556 642 1610 Quirino,

8 1619 9 1668 ἶ
98 1631 166 1680 Mars
177 1634 274 1690 srigusta
284 1625 318 1672 sui
330 1631 423 1672 renovat
434 1621 539 1684 suffragia
551 1619 640 1682 Campi.
739 1625 768 1668 10

99 1695 181 1752 Qrualis
192 1693 235 1740 erit
244 1691 315 1744 terris,
328 1704 395 1750 quem
406 1702 472 1732 mons
484 1685 612 1735 Euandrius
623 1682 688 1731 offert

77 1808 80 1816 ,
97 1759 211 1809 Romanis
222 1757 306 1807 ssibus,
319 1769 385 1814 quem
397 1751 496 1813 Thybris
506 1751 626 1812 inaugurat
636 1748 739 1796 annum?

98 1826 242 1884 Quamquam
254 1834 340 1872 omnes,
352 1818 487 1880 quicumque
497 1816 529 1862 tui
540 1815 688 1878 cognominis,
700 1813 753 1862 anni

97 1892 194 1950 Semper
203 1883 338 1933 inoffensum
350 1881 451 1929 dederint
459 1881 597 1927 successibus
608 1895 683 1934 omen,

95 1957 194 2014 sintque
204 1960 290 2012 tropaea
301 1957 350 1995 tuas
362 1962 449 2008 semper
460 1945 566 1992 comitata
576 1960 666 1991 secures
675 1963 684 2004 3
735 1947 765 1992 15

96 2021 147 2068 Hic
158 2027 234 2067 nmen
246 2023 298 2061 anta
309 2027 388 2060 omnes
396 2012 453 2058 miro
465 2010 602 2072 promittitur
609 2016 661 2056 ortu

95 2085 168 2134 Urbis
179 2089 203 2128 et
214 2078 314 2141 Augusti
325 2077 439 2140 geminato
450 2076 542 2122 nomine
551 2074 621 2122 felix:

94 2150 212 2208 Namque,
224 2145 287 2190 velut
298 2141 372 2190 stellas
379 2137 504 2202 Babylonia
511 2156 565 2187 cura
572 2139 671 2186 salubres

95 2214 191 2277 Optima
201 2219 256 2257 tunc
267 2208 361 2271 spondet
371 2206 502 2252 mortalibus
512 2205 578 2252 edere
587 2203 639 2258 fata.

96 2277 217 2328 coelicolae
228 2289 279 2321 cum
291 2273 350 2320 celsa
360 2279 445 2324 tenent,
459 2285 591 2331 summoque
599 2269 702 2316 feruntur
734 2269 767 2312 20

96 2343 204 2394 Cardine,
217 2355 259 2385 neo
270 2338 343 2385 radios
354 2335 432 2382 bumili
443 2333 685 2391 stationeietundunt5

93 2409 168 2456 Haud
179 2406 244 2456 aliter
254 2401 328 2449 Latiae
340 2399 616 2461 sublimissigniferanlae,

93 2471 189 2536 Imperii
200 2467 261 2516 sidus
271 2464 361 2529 proprii
372 2481 422 2512 curn
434 2465 488 2510 sede
497 2464 586 2518 locavit,
674 2517 678 2527 ,
757 2514 760 2520 Ι

9 2569 10 2572 =
93 2540 175 2600 Auget
186 2549 237 2597 spes
249 2532 331 2580 Italas:
351 2539 374 2577 et
384 2531 467 2576 certius
479 2529 554 2576 omina
564 2535 667 2590 surgunt,

87 2601 187 2651 Victrici
197 2605 306 2663 concepta
317 2596 372 2644 solo.
393 2593 452 2644 Cum
464 2594 557 2658 pulcher
568 2593 653 2657 Apollo
733 2592 766 2637 25

492 2706 496 2714 ,
557 2674 569 2705 s
