<?xml version="1.0" encoding="UTF-8"?>
<!DOCTYPE html PUBLIC "-//W3C//DTD XHTML 1.0 Transitional//EN"
    "http://www.w3.org/TR/xhtml1/DTD/xhtml1-transitional.dtd">
<html xmlns="http://www.w3.org/1999/xhtml" xml:lang="en" lang="en">
 <head>
  <title>
</title>
<meta http-equiv="Content-Type" content="text/html;charset=utf-8" />
  <meta name='ocr-system' content='tesseract 3.04.00' />
  <meta name='ocr-capabilities' content='ocr_page ocr_carea ocr_par ocr_line ocrx_word'/>
</head>
<body>
  <div class='ocr_page' id='page_1' title='image "./opera00claugoog/opera00claugoog_0053.png"; bbox 0 0 1892 2892; ppageno 0'>
   <div class='ocr_carea' id='block_1_1' title="bbox 211 81 774 134">
    <p class='ocr_par' dir='ltr' id='par_1_1' title="bbox 211 81 774 134">
     <span class='ocr_line' id='line_1_1' title="bbox 211 81 774 134; baseline 0.002 -3"><span class='ocrx_word' id='word_1_1' title='bbox 211 84 281 133; x_wconf 70' lang='grc' dir='ltr'><strong>,ΠΕ</strong></span> <span class='ocrx_word' id='word_1_2' title='bbox 292 82 338 132; x_wconf 89' lang='lat' dir='ltr'><strong>1v.</strong></span> <span class='ocrx_word' id='word_1_3' title='bbox 357 82 455 134; x_wconf 85' lang='lat' dir='ltr'><strong>OONS.</strong></span> <span class='ocrx_word' id='word_1_4' title='bbox 475 81 639 132; x_wconf 72' lang='lat' dir='ltr'><strong>HONORII.</strong></span> <span class='ocrx_word' id='word_1_5' title='bbox 738 85 774 132; x_wconf 70' lang='lat'><strong>⁴5</strong></span> 
     </span>
    </p>
   </div>
   <div class='ocr_carea' id='block_1_2' title="bbox 94 212 773 666">
    <p class='ocr_par' dir='ltr' id='par_1_2' title="bbox 96 212 619 278">
     <span class='ocr_line' id='line_1_2' title="bbox 96 212 619 278; baseline 0.004 -18"><span class='ocrx_word' id='word_1_6' title='bbox 96 212 219 262; x_wconf 84' lang='lat' dir='ltr'><strong>Immenao</strong></span> <span class='ocrx_word' id='word_1_7' title='bbox 230 215 306 263; x_wconf 83' lang='lat' dir='ltr'><strong>decuit</strong></span> <span class='ocrx_word' id='word_1_8' title='bbox 316 231 392 263; x_wconf 85' lang='lat' dir='ltr'><strong>rerum</strong></span> <span class='ocrx_word' id='word_1_9' title='bbox 403 215 432 262; x_wconf 90' lang='lat' dir='ltr'><strong>de</strong></span> <span class='ocrx_word' id='word_1_10' title='bbox 441 213 543 278; x_wconf 84' lang='lat' dir='ltr'><strong>principe</strong></span> <span class='ocrx_word' id='word_1_11' title='bbox 549 215 619 262; x_wconf 79' lang='lat' dir='ltr'><strong>nasci.</strong></span> 
     </span>
    </p>

    <p class='ocr_par' dir='ltr' id='par_1_3' title="bbox 94 278 773 472">
     <span class='ocr_line' id='line_1_3' title="bbox 97 278 694 344; baseline 0 -18"><span class='ocrx_word' id='word_1_12' title='bbox 97 278 165 326; x_wconf 86' lang='lat' dir='ltr'><strong>Hinc</strong></span> <span class='ocrx_word' id='word_1_13' title='bbox 176 281 287 342; x_wconf 82' lang='lat' dir='ltr'><strong>processit</strong></span> <span class='ocrx_word' id='word_1_14' title='bbox 295 296 352 328; x_wconf 84' lang='lat' dir='ltr'><strong>arus</strong></span> <span class='ocrx_word' id='word_1_15' title='bbox 364 281 419 344; x_wconf 87' lang='lat' dir='ltr'><strong>(cui,</strong></span> <span class='ocrx_word' id='word_1_16' title='bbox 431 288 484 342; x_wconf 87' lang='lat' dir='ltr'><strong>post</strong></span> <span class='ocrx_word' id='word_1_17' title='bbox 495 280 583 327; x_wconf 84' lang='lat' dir='ltr'><strong>Arctoa</strong></span> <span class='ocrx_word' id='word_1_18' title='bbox 588 278 694 326; x_wconf 79' lang='lat' dir='ltr'><strong>frementi</strong></span> 
     </span>
     <span class='ocr_line' id='line_1_4' title="bbox 95 341 773 408; baseline -0.001 -18"><span class='ocrx_word' id='word_1_19' title='bbox 95 341 208 400; x_wconf 79' lang='lat' dir='ltr'><strong>Classica,</strong></span> <span class='ocrx_word' id='word_1_20' title='bbox 219 345 334 408; x_wconf 81' lang='lat' dir='ltr'><strong>Massylas</strong></span> <span class='ocrx_word' id='word_1_21' title='bbox 344 347 452 392; x_wconf 75' lang='lat' dir='ltr'>annexuit</span> <span class='ocrx_word' id='word_1_22' title='bbox 460 345 540 393; x_wconf 79' lang='lat' dir='ltr'><strong>Africa</strong></span> <span class='ocrx_word' id='word_1_23' title='bbox 549 343 637 405; x_wconf 88' lang='lat' dir='ltr'><strong>lauros)</strong></span> <span class='ocrx_word' id='word_1_24' title='bbox 739 344 773 390; x_wconf 73' lang='lat'><strong>25</strong></span> 
     </span>
     <span class='ocr_line' id='line_1_5' title="bbox 94 406 615 472; baseline 0.002 -18"><span class='ocrx_word' id='word_1_25' title='bbox 94 406 147 462; x_wconf 87' lang='lat' dir='ltr'><strong>Ille,</strong></span> <span class='ocrx_word' id='word_1_26' title='bbox 163 408 294 458; x_wconf 83' lang='lat' dir='ltr'><strong>Caledoniis</strong></span> <span class='ocrx_word' id='word_1_27' title='bbox 304 411 379 471; x_wconf 87' lang='lat' dir='ltr'><strong>posuit</strong></span> <span class='ocrx_word' id='word_1_28' title='bbox 390 410 427 471; x_wconf 92' lang='lat' dir='ltr'><strong>qui</strong></span> <span class='ocrx_word' id='word_1_29' title='bbox 439 419 512 456; x_wconf 85' lang='lat' dir='ltr'><strong>castra</strong></span> <span class='ocrx_word' id='word_1_30' title='bbox 522 409 615 472; x_wconf 86' lang='lat' dir='ltr'><strong>pruinis,</strong></span> 
     </span>
    </p>

    <p class='ocr_par' dir='ltr' id='par_1_4' title="bbox 95 472 674 600">
     <span class='ocr_line' id='line_1_6' title="bbox 96 472 674 538; baseline 0.002 -20"><span class='ocrx_word' id='word_1_31' title='bbox 96 472 145 526; x_wconf 82' lang='lat' dir='ltr'><strong>Qui</strong></span> <span class='ocrx_word' id='word_1_32' title='bbox 157 475 244 521; x_wconf 91' lang='lat' dir='ltr'><strong>medios</strong></span> <span class='ocrx_word' id='word_1_33' title='bbox 256 475 335 536; x_wconf 80' lang='lat' dir='ltr'><strong>Libyae</strong></span> <span class='ocrx_word' id='word_1_34' title='bbox 346 476 387 521; x_wconf 79' lang='lat' dir='ltr'><strong>sub</strong></span> <span class='ocrx_word' id='word_1_35' title='bbox 398 475 485 521; x_wconf 87' lang='lat' dir='ltr'><strong>casside</strong></span> <span class='ocrx_word' id='word_1_36' title='bbox 495 474 586 536; x_wconf 85' lang='lat' dir='ltr'><strong>pertulit</strong></span> <span class='ocrx_word' id='word_1_37' title='bbox 597 481 674 538; x_wconf 70' lang='lat' dir='ltr'><strong>estus,</strong></span> 
     </span>
     <span class='ocr_line' id='line_1_7' title="bbox 95 537 611 600; baseline 0 -16"><span class='ocrx_word' id='word_1_38' title='bbox 95 537 216 586; x_wconf 86' lang='lat' dir='ltr'><strong>Terribilis</strong></span> <span class='ocrx_word' id='word_1_39' title='bbox 228 539 320 592; x_wconf 89' lang='lat' dir='ltr'><strong>Mauro,</strong></span> <span class='ocrx_word' id='word_1_40' title='bbox 330 539 497 600; x_wconf 76' lang='lat' dir='ltr'>debellatorque</span> <span class='ocrx_word' id='word_1_41' title='bbox 506 538 611 599; x_wconf 81' lang='lat' dir='ltr'><strong>Britaapi</strong></span> 
     </span>
    </p>

    <p class='ocr_par' dir='ltr' id='par_1_5' title="bbox 96 599 660 666">
     <span class='ocr_line' id='line_1_8' title="bbox 96 599 660 666; baseline 0.004 -19"><span class='ocrx_word' id='word_1_42' title='bbox 96 599 192 656; x_wconf 86' lang='lat' dir='ltr'><strong>Litoris,</strong></span> <span class='ocrx_word' id='word_1_43' title='bbox 202 619 228 650; x_wconf 88' lang='lat' dir='ltr'><strong>ac</strong></span> <span class='ocrx_word' id='word_1_44' title='bbox 239 607 322 666; x_wconf 85' lang='lat' dir='ltr'><strong>pariter</strong></span> <span class='ocrx_word' id='word_1_45' title='bbox 333 604 416 652; x_wconf 84' lang='lat' dir='ltr'><strong>Boreae</strong></span> <span class='ocrx_word' id='word_1_46' title='bbox 427 611 528 651; x_wconf 70' lang='lat' dir='ltr'><strong>vasmtor</strong></span> <span class='ocrx_word' id='word_1_47' title='bbox 538 612 561 650; x_wconf 89' lang='lat' dir='ltr'><strong>et</strong></span> <span class='ocrx_word' id='word_1_48' title='bbox 572 603 660 650; x_wconf 80' lang='lat' dir='ltr'><strong>Austri.</strong></span> 
     </span>
    </p>
   </div>
   <div class='ocr_carea' id='block_1_3' title="bbox 97 666 880 730">
    <p class='ocr_par' dir='ltr' id='par_1_6' title="bbox 97 666 880 730">
     <span class='ocr_line' id='line_1_9' title="bbox 97 666 880 730; baseline 0.003 -18"><span class='ocrx_word' id='word_1_49' title='bbox 97 666 162 720; x_wconf 84' lang='lat' dir='ltr'>Quid</span> <span class='ocrx_word' id='word_1_50' title='bbox 175 669 237 730; x_wconf 85' lang='lat' dir='ltr'><strong>rigor</strong></span> <span class='ocrx_word' id='word_1_51' title='bbox 249 678 347 716; x_wconf 87' lang='lat' dir='ltr'><strong>aetemus</strong></span> <span class='ocrx_word' id='word_1_52' title='bbox 358 669 418 722; x_wconf 85' lang='lat' dir='ltr'><strong>coeli,</strong></span> <span class='ocrx_word' id='word_1_53' title='bbox 429 669 484 730; x_wconf 90' lang='lat' dir='ltr'><strong>quid</strong></span> <span class='ocrx_word' id='word_1_54' title='bbox 495 669 567 714; x_wconf 85' lang='lat' dir='ltr'><strong>sidera</strong></span> <span class='ocrx_word' id='word_1_55' title='bbox 577 674 680 729; x_wconf 77' lang='lat' dir='ltr'><strong>prosunt,</strong></span> <span class='ocrx_word' id='word_1_56' title='bbox 739 669 773 714; x_wconf 79' lang='grc'><strong>80</strong></span> <span class='ocrx_word' id='word_1_57' title='bbox 875 678 880 686; x_wconf 85' lang='grc'><em>·</em></span> 
     </span>
    </p>
   </div>
   <div class='ocr_carea' id='block_1_4' title="bbox 78 729 769 1055">
    <p class='ocr_par' dir='ltr' id='par_1_7' title="bbox 96 729 675 794">
     <span class='ocr_line' id='line_1_10' title="bbox 96 729 675 794; baseline 0 -17"><span class='ocrx_word' id='word_1_58' title='bbox 96 729 254 794; x_wconf 83' lang='lat' dir='ltr'><strong>Ignotumque</strong></span> <span class='ocrx_word' id='word_1_59' title='bbox 264 733 346 780; x_wconf 89' lang='lat' dir='ltr'><strong>fretum</strong></span> <span class='ocrx_word' id='word_1_60' title='bbox 354 734 371 780; x_wconf 76' lang='lat' dir='ltr'><strong>i·</strong></span> <span class='ocrx_word' id='word_1_61' title='bbox 382 734 517 786; x_wconf 79' lang='lat' dir='ltr'><strong>maduerunt</strong></span> <span class='ocrx_word' id='word_1_62' title='bbox 525 734 617 780; x_wconf 87' lang='lat' dir='ltr'><strong>Saxone</strong></span> <span class='ocrx_word' id='word_1_63' title='bbox 624 731 675 778; x_wconf 80' lang='lat' dir='ltr'><strong>fuso</strong></span> 
     </span>
    </p>

    <p class='ocr_par' dir='ltr' id='par_1_8' title="bbox 78 796 671 925">
     <span class='ocr_line' id='line_1_11' title="bbox 78 796 671 860; baseline 0.002 -16"><span class='ocrx_word' id='word_1_64' title='bbox 78 817 80 820; x_wconf 95' lang='lat'>·</span> <span class='ocrx_word' id='word_1_65' title='bbox 96 797 215 845; x_wconf 83' lang='lat' dir='ltr'><strong>Orcades:</strong></span> <span class='ocrx_word' id='word_1_66' title='bbox 234 798 327 846; x_wconf 84' lang='lat' dir='ltr'><strong>incaluit</strong></span> <span class='ocrx_word' id='word_1_67' title='bbox 338 798 456 846; x_wconf 77' lang='lat' dir='ltr'><strong>Pictorum</strong></span> <span class='ocrx_word' id='word_1_68' title='bbox 465 797 576 860; x_wconf 80' lang='lat' dir='ltr'><strong>sanguine</strong></span> <span class='ocrx_word' id='word_1_69' title='bbox 584 796 671 845; x_wconf 75' lang='lat' dir='ltr'><strong>Thule:</strong></span> 
     </span>
     <span class='ocr_line' id='line_1_12' title="bbox 97 860 608 925; baseline 0.002 -17"><span class='ocrx_word' id='word_1_70' title='bbox 97 861 221 909; x_wconf 83' lang='lat' dir='ltr'><strong>Scotorum</strong></span> <span class='ocrx_word' id='word_1_71' title='bbox 233 863 335 910; x_wconf 74' lang='lat' dir='ltr'><strong>cumulas</strong></span> <span class='ocrx_word' id='word_1_72' title='bbox 347 863 411 910; x_wconf 85' lang='lat' dir='ltr'><strong>flevit</strong></span> <span class='ocrx_word' id='word_1_73' title='bbox 421 862 522 925; x_wconf 84' lang='lat' dir='ltr'><strong>glacialis</strong></span> <span class='ocrx_word' id='word_1_74' title='bbox 533 860 608 909; x_wconf 81' lang='lat' dir='ltr'><strong>lerne.</strong></span> 
     </span>
    </p>

    <p class='ocr_par' dir='ltr' id='par_1_9' title="bbox 95 926 769 1055">
     <span class='ocr_line' id='line_1_13' title="bbox 97 926 655 990; baseline 0 -18"><span class='ocrx_word' id='word_1_75' title='bbox 97 926 162 980; x_wconf 84' lang='lat' dir='ltr'><strong>Quid</strong></span> <span class='ocrx_word' id='word_1_76' title='bbox 173 929 234 974; x_wconf 88' lang='lat' dir='ltr'><strong>calor</strong></span> <span class='ocrx_word' id='word_1_77' title='bbox 245 928 333 975; x_wconf 89' lang='lat' dir='ltr'><strong>obsistit</strong></span> <span class='ocrx_word' id='word_1_78' title='bbox 340 927 413 974; x_wconf 82' lang='lat' dir='ltr'><strong>lorti?</strong></span> <span class='ocrx_word' id='word_1_79' title='bbox 430 944 470 990; x_wconf 92' lang='lat' dir='ltr'><strong>per</strong></span> <span class='ocrx_word' id='word_1_80' title='bbox 481 935 545 974; x_wconf 82' lang='lat' dir='ltr'><strong>vasta</strong></span> <span class='ocrx_word' id='word_1_81' title='bbox 555 926 655 974; x_wconf 80' lang='lat' dir='ltr'><strong>cucurrit</strong></span> 
     </span>
     <span class='ocr_line' id='line_1_14' title="bbox 95 991 769 1055; baseline 0.001 -17"><span class='ocrx_word' id='word_1_82' title='bbox 95 991 242 1055; x_wconf 87' lang='lat' dir='ltr'><strong>AEthiopum,</strong></span> <span class='ocrx_word' id='word_1_83' title='bbox 255 994 369 1054; x_wconf 86' lang='lat' dir='ltr'><strong>cinxitque</strong></span> <span class='ocrx_word' id='word_1_84' title='bbox 380 993 446 1040; x_wconf 87' lang='lat' dir='ltr'><strong>novis</strong></span> <span class='ocrx_word' id='word_1_85' title='bbox 457 993 553 1039; x_wconf 86' lang='lat' dir='ltr'><strong>Atlanta</strong></span> <span class='ocrx_word' id='word_1_86' title='bbox 563 991 674 1054; x_wconf 84' lang='lat' dir='ltr'><strong>maniplis.</strong></span> <span class='ocrx_word' id='word_1_87' title='bbox 736 992 769 1039; x_wconf 77' lang='lat'><strong>85</strong></span> 
     </span>
    </p>
   </div>
   <div class='ocr_carea' id='block_1_5' title="bbox 11 1055 680 1119">
    <p class='ocr_par' dir='ltr' id='par_1_10' title="bbox 11 1055 680 1119">
     <span class='ocr_line' id='line_1_15' title="bbox 11 1055 680 1119; baseline 0.004 -19"><span class='ocrx_word' id='word_1_88' title='bbox 11 1097 12 1100; x_wconf 75' lang='grc'>,</span> <span class='ocrx_word' id='word_1_89' title='bbox 95 1055 236 1119; x_wconf 76' lang='lat' dir='ltr'><strong>virgineum</strong></span> <span class='ocrx_word' id='word_1_90' title='bbox 247 1056 343 1104; x_wconf 86' lang='lat' dir='ltr'><strong>Tritona</strong></span> <span class='ocrx_word' id='word_1_91' title='bbox 354 1058 424 1115; x_wconf 83' lang='lat' dir='ltr'><strong>bibit;</strong></span> <span class='ocrx_word' id='word_1_92' title='bbox 442 1068 576 1119; x_wconf 85' lang='lat' dir='ltr'><strong>sparsosque</strong></span> <span class='ocrx_word' id='word_1_93' title='bbox 586 1057 680 1103; x_wconf 82' lang='lat' dir='ltr'><strong>venenis</strong></span> 
     </span>
    </p>
   </div>
   <div class='ocr_carea' id='block_1_6' title="bbox 91 1122 776 2546">
    <p class='ocr_par' dir='ltr' id='par_1_11' title="bbox 93 1122 769 1640">
     <span class='ocr_line' id='line_1_16' title="bbox 96 1122 726 1184; baseline -0.002 -15"><span class='ocrx_word' id='word_1_94' title='bbox 96 1123 231 1184; x_wconf 78' lang='lat' dir='ltr'><strong>Gorgoneis</strong></span> <span class='ocrx_word' id='word_1_95' title='bbox 242 1122 298 1168; x_wconf 89' lang='lat' dir='ltr'><strong>vidit</strong></span> <span class='ocrx_word' id='word_1_96' title='bbox 309 1123 435 1180; x_wconf 82' lang='lat' dir='ltr'><strong>thelamos;</strong></span> <span class='ocrx_word' id='word_1_97' title='bbox 446 1131 469 1170; x_wconf 89' lang='lat' dir='ltr'><strong>et</strong></span> <span class='ocrx_word' id='word_1_98' title='bbox 480 1122 525 1168; x_wconf 84' lang='lat' dir='ltr'><strong>vile</strong></span> <span class='ocrx_word' id='word_1_99' title='bbox 535 1122 635 1168; x_wconf 84' lang='lat' dir='ltr'><strong>virentes</strong></span> <span class='ocrx_word' id='word_1_100' title='bbox 722 1150 726 1157; x_wconf 87' lang='lat'><strong>·</strong></span> 
     </span>
     <span class='ocr_line' id='line_1_17' title="bbox 93 1186 639 1250; baseline -0.002 -16"><span class='ocrx_word' id='word_1_101' title='bbox 93 1186 251 1250; x_wconf 85' lang='lat' dir='ltr'><strong>Hesperidum</strong></span> <span class='ocrx_word' id='word_1_102' title='bbox 263 1188 319 1242; x_wconf 87' lang='lat' dir='ltr'><strong>risit,</strong></span> <span class='ocrx_word' id='word_1_103' title='bbox 330 1203 388 1248; x_wconf 92' lang='lat' dir='ltr'><strong>quos</strong></span> <span class='ocrx_word' id='word_1_104' title='bbox 399 1187 454 1234; x_wconf 84' lang='lat' dir='ltr'><strong>ditat</strong></span> <span class='ocrx_word' id='word_1_105' title='bbox 465 1186 546 1239; x_wconf 80' lang='lat' dir='ltr'><strong>fabula,</strong></span> <span class='ocrx_word' id='word_1_106' title='bbox 556 1201 639 1234; x_wconf 83' lang='lat' dir='ltr'><strong>ramos.</strong></span> 
     </span>
     <span class='ocr_line' id='line_1_18' title="bbox 94 1250 637 1300; baseline -0.004 0"><span class='ocrx_word' id='word_1_107' title='bbox 94 1251 149 1300; x_wconf 80' lang='lat' dir='ltr'><strong>Arx</strong></span> <span class='ocrx_word' id='word_1_108' title='bbox 160 1253 252 1298; x_wconf 78' lang='lat' dir='ltr'><strong>imenso</strong></span> <span class='ocrx_word' id='word_1_109' title='bbox 262 1251 280 1300; x_wconf 86' lang='lat' dir='ltr'>J</span> <span class='ocrx_word' id='word_1_110' title='bbox 281 1254 329 1300; x_wconf 88' lang='lat' dir='ltr'><strong>ubae</strong></span> <span class='ocrx_word' id='word_1_111' title='bbox 339 1270 351 1300; x_wconf 85' lang='lat' dir='ltr'><strong>r.</strong></span> <span class='ocrx_word' id='word_1_112' title='bbox 365 1253 436 1300; x_wconf 90' lang='lat' dir='ltr'><strong>rabies</strong></span> <span class='ocrx_word' id='word_1_113' title='bbox 448 1252 567 1298; x_wconf 89' lang='lat' dir='ltr'><strong>Maurusia</strong></span> <span class='ocrx_word' id='word_1_114' title='bbox 576 1250 637 1298; x_wconf 84' lang='lat' dir='ltr'><strong>ferro</strong></span> 
     </span>
     <span class='ocr_line' id='line_1_19' title="bbox 96 1315 769 1378; baseline -0.003 -14"><span class='ocrx_word' id='word_1_115' title='bbox 96 1315 192 1374; x_wconf 58' lang='lat' dir='ltr'><strong>cassin</strong></span> <span class='ocrx_word' id='word_1_116' title='bbox 209 1324 232 1363; x_wconf 92' lang='lat' dir='ltr'><strong>et</strong></span> <span class='ocrx_word' id='word_1_117' title='bbox 243 1317 328 1378; x_wconf 81' lang='lat' dir='ltr'><strong>antiqui</strong></span> <span class='ocrx_word' id='word_1_118' title='bbox 339 1317 460 1378; x_wconf 79' lang='lat' dir='ltr'><strong>penetralia</strong></span> <span class='ocrx_word' id='word_1_119' title='bbox 471 1316 545 1362; x_wconf 91' lang='lat' dir='ltr'><strong>diruta</strong></span> <span class='ocrx_word' id='word_1_120' title='bbox 553 1315 649 1363; x_wconf 81' lang='lat' dir='ltr'><strong>Bocchi·</strong></span> <span class='ocrx_word' id='word_1_121' title='bbox 723 1317 769 1362; x_wconf 62' lang='lat' dir='ltr'><strong>AO</strong></span> 
     </span>
     <span class='ocr_line' id='line_1_20' title="bbox 96 1381 663 1445; baseline 0 -17"><span class='ocrx_word' id='word_1_122' title='bbox 96 1381 143 1428; x_wconf 85' lang='lat' dir='ltr'><strong>Sed</strong></span> <span class='ocrx_word' id='word_1_123' title='bbox 154 1381 232 1428; x_wconf 86' lang='lat' dir='ltr'><strong>laudes</strong></span> <span class='ocrx_word' id='word_1_124' title='bbox 240 1383 331 1444; x_wconf 84' lang='lat' dir='ltr'><strong>genitor</strong></span> <span class='ocrx_word' id='word_1_125' title='bbox 341 1381 410 1445; x_wconf 86' lang='lat' dir='ltr'><strong>longe</strong></span> <span class='ocrx_word' id='word_1_126' title='bbox 419 1389 574 1444; x_wconf 82' lang='lat' dir='ltr'><strong>transgressus</strong></span> <span class='ocrx_word' id='word_1_127' title='bbox 581 1381 663 1434; x_wconf 79' lang='lat' dir='ltr'><strong>avitas,</strong></span> 
     </span>
     <span class='ocr_line' id='line_1_21' title="bbox 96 1445 649 1508; baseline -0.005 -14"><span class='ocrx_word' id='word_1_128' title='bbox 96 1447 202 1494; x_wconf 83' lang='lat' dir='ltr'><strong>Subdidit</strong></span> <span class='ocrx_word' id='word_1_129' title='bbox 214 1446 329 1494; x_wconf 88' lang='lat' dir='ltr'><strong>Oceanum</strong></span> <span class='ocrx_word' id='word_1_130' title='bbox 342 1448 442 1508; x_wconf 79' lang='lat' dir='ltr'><strong>sceptris,</strong></span> <span class='ocrx_word' id='word_1_131' title='bbox 452 1453 476 1494; x_wconf 89' lang='lat' dir='ltr'><strong>et</strong></span> <span class='ocrx_word' id='word_1_132' title='bbox 486 1447 590 1506; x_wconf 80' lang='lat' dir='ltr'><strong>margine</strong></span> <span class='ocrx_word' id='word_1_133' title='bbox 597 1445 649 1492; x_wconf 88' lang='lat' dir='ltr'><strong>coeli</strong></span> 
     </span>
     <span class='ocr_line' id='line_1_22' title="bbox 96 1507 718 1573; baseline -0.006 -14"><span class='ocrx_word' id='word_1_134' title='bbox 96 1509 187 1559; x_wconf 81' lang='lat' dir='ltr'><strong>Clausit</strong></span> <span class='ocrx_word' id='word_1_135' title='bbox 198 1527 267 1573; x_wconf 83' lang='lat' dir='ltr'><strong>opes:</strong></span> <span class='ocrx_word' id='word_1_136' title='bbox 286 1521 395 1573; x_wconf 86' lang='lat' dir='ltr'><strong>quantum</strong></span> <span class='ocrx_word' id='word_1_137' title='bbox 406 1512 515 1558; x_wconf 80' lang='lat' dir='ltr'><strong>distante</strong></span> <span class='ocrx_word' id='word_1_138' title='bbox 525 1510 620 1571; x_wconf 79' lang='lat' dir='ltr'><strong>&#39;ligride</strong></span> <span class='ocrx_word' id='word_1_139' title='bbox 631 1507 718 1562; x_wconf 80' lang='lat' dir='ltr'><strong>Gades,</strong></span> 
     </span>
     <span class='ocr_line' id='line_1_23' title="bbox 95 1573 684 1640; baseline -0.005 -18"><span class='ocrx_word' id='word_1_140' title='bbox 95 1573 164 1622; x_wconf 87' lang='lat' dir='ltr'><strong>Inter</strong></span> <span class='ocrx_word' id='word_1_141' title='bbox 174 1591 198 1622; x_wconf 86' lang='lat' dir='ltr'><strong>se</strong></span> <span class='ocrx_word' id='word_1_142' title='bbox 206 1575 293 1640; x_wconf 87' lang='lat' dir='ltr'><strong>Tapais</strong></span> <span class='ocrx_word' id='word_1_143' title='bbox 303 1585 412 1637; x_wconf 87' lang='lat' dir='ltr'><strong>quantum</strong></span> <span class='ocrx_word' id='word_1_144' title='bbox 425 1575 538 1636; x_wconf 90' lang='lat' dir='ltr'><strong>Nilusque</strong></span> <span class='ocrx_word' id='word_1_145' title='bbox 548 1575 684 1634; x_wconf 84' lang='lat' dir='ltr'><strong>relinquunt.</strong></span> 
     </span>
    </p>

    <p class='ocr_par' dir='ltr' id='par_1_12' title="bbox 91 1637 776 2546">
     <span class='ocr_line' id='line_1_24' title="bbox 129 1637 768 1703; baseline -0.002 -16"><span class='ocrx_word' id='word_1_146' title='bbox 129 1640 191 1687; x_wconf 87' lang='lat' dir='ltr'><strong>Haec</strong></span> <span class='ocrx_word' id='word_1_147' title='bbox 202 1648 278 1688; x_wconf 87' lang='lat' dir='ltr'><strong>tumen</strong></span> <span class='ocrx_word' id='word_1_148' title='bbox 290 1642 413 1688; x_wconf 83' lang='lat' dir='ltr'><strong>innumeris</strong></span> <span class='ocrx_word' id='word_1_149' title='bbox 423 1657 463 1703; x_wconf 88' lang='lat' dir='ltr'><strong>per</strong></span> <span class='ocrx_word' id='word_1_150' title='bbox 475 1657 500 1688; x_wconf 92' lang='lat' dir='ltr'><strong>se</strong></span> <span class='ocrx_word' id='word_1_151' title='bbox 509 1639 606 1700; x_wconf 70' lang='lat' dir='ltr'><strong>quesite</strong></span> <span class='ocrx_word' id='word_1_152' title='bbox 616 1637 723 1700; x_wconf 82' lang='lat' dir='ltr'><strong>tropaeisr</strong></span> <span class='ocrx_word' id='word_1_153' title='bbox 736 1638 768 1686; x_wconf 74' lang='lat'><strong>4⁵</strong></span> 
     </span>
     <span class='ocr_line' id='line_1_25' title="bbox 94 1703 642 1767; baseline -0.004 -15"><span class='ocrx_word' id='word_1_154' title='bbox 94 1703 152 1752; x_wconf 87' lang='lat' dir='ltr'><strong>Non</strong></span> <span class='ocrx_word' id='word_1_155' title='bbox 164 1707 254 1767; x_wconf 82' lang='lat' dir='ltr'><strong>generis</strong></span> <span class='ocrx_word' id='word_1_156' title='bbox 264 1706 332 1760; x_wconf 87' lang='lat' dir='ltr'><strong>dono,</strong></span> <span class='ocrx_word' id='word_1_157' title='bbox 345 1722 391 1753; x_wconf 91' lang='lat' dir='ltr'><strong>non</strong></span> <span class='ocrx_word' id='word_1_158' title='bbox 402 1705 523 1753; x_wconf 82' lang='lat' dir='ltr'><strong>ambitione</strong></span> <span class='ocrx_word' id='word_1_159' title='bbox 533 1704 625 1767; x_wconf 88' lang='lat' dir='ltr'><strong>potitus.</strong></span> <span class='ocrx_word' id='word_1_160' title='bbox 638 1713 642 1722; x_wconf 93' lang='grc'><em>“</em></span> 
     </span>
     <span class='ocr_line' id='line_1_26' title="bbox 93 1768 766 1833; baseline -0.006 -14"><span class='ocrx_word' id='word_1_161' title='bbox 93 1769 177 1832; x_wconf 83' lang='lat' dir='ltr'><strong>Digna</strong></span> <span class='ocrx_word' id='word_1_162' title='bbox 187 1771 233 1832; x_wconf 83' lang='lat' dir='ltr'><strong>legi</strong></span> <span class='ocrx_word' id='word_1_163' title='bbox 245 1771 331 1820; x_wconf 85' lang='lat' dir='ltr'><strong>virtus:</strong></span> <span class='ocrx_word' id='word_1_164' title='bbox 351 1772 410 1818; x_wconf 91' lang='lat' dir='ltr'><strong>ultro</strong></span> <span class='ocrx_word' id='word_1_165' title='bbox 422 1787 447 1818; x_wconf 88' lang='lat' dir='ltr'><strong>se</strong></span> <span class='ocrx_word' id='word_1_166' title='bbox 458 1785 556 1833; x_wconf 85' lang='lat' dir='ltr'><strong>purpura</strong></span> <span class='ocrx_word' id='word_1_167' title='bbox 566 1768 662 1831; x_wconf 78' lang='lat' dir='ltr'><strong>supplex</strong></span> <span class='ocrx_word' id='word_1_168' title='bbox 763 1800 766 1804; x_wconf 20' lang='grc' dir='ltr'><strong>Δ</strong></span> 
     </span>
     <span class='ocr_line' id='line_1_27' title="bbox 96 1834 761 1898; baseline -0.006 -15"><span class='ocrx_word' id='word_1_169' title='bbox 96 1834 194 1888; x_wconf 85' lang='lat' dir='ltr'><strong>Obtulit,</strong></span> <span class='ocrx_word' id='word_1_170' title='bbox 207 1842 230 1882; x_wconf 85' lang='lat' dir='ltr'><strong>et</strong></span> <span class='ocrx_word' id='word_1_171' title='bbox 242 1836 303 1883; x_wconf 88' lang='lat' dir='ltr'><strong>solus</strong></span> <span class='ocrx_word' id='word_1_172' title='bbox 314 1837 396 1883; x_wconf 88' lang='lat' dir='ltr'><strong>meruit</strong></span> <span class='ocrx_word' id='word_1_173' title='bbox 404 1851 500 1898; x_wconf 83' lang='lat' dir='ltr'><strong>regnare</strong></span> <span class='ocrx_word' id='word_1_174' title='bbox 511 1842 611 1897; x_wconf 78' lang='lat' dir='ltr'><strong>rogatus.</strong></span> <span class='ocrx_word' id='word_1_175' title='bbox 755 1880 761 1892; x_wconf 71' lang='grc'>,</span> 
     </span>
     <span class='ocr_line' id='line_1_28' title="bbox 94 1899 717 1962; baseline -0.003 -14"><span class='ocrx_word' id='word_1_176' title='bbox 94 1899 167 1953; x_wconf 83' lang='lat' dir='ltr'><strong>Nam,</strong></span> <span class='ocrx_word' id='word_1_177' title='bbox 180 1915 232 1947; x_wconf 86' lang='lat' dir='ltr'><strong>curn</strong></span> <span class='ocrx_word' id='word_1_178' title='bbox 242 1902 353 1948; x_wconf 85' lang='lat' dir='ltr'><strong>barbaries</strong></span> <span class='ocrx_word' id='word_1_179' title='bbox 362 1901 452 1962; x_wconf 89' lang='lat' dir='ltr'><strong>penitus</strong></span> <span class='ocrx_word' id='word_1_180' title='bbox 463 1907 577 1947; x_wconf 83' lang='lat' dir='ltr'><strong>commota</strong></span> <span class='ocrx_word' id='word_1_181' title='bbox 587 1904 717 1961; x_wconf 77' lang='lat' dir='ltr'><strong>gementem</strong></span> 
     </span>
     <span class='ocr_line' id='line_1_29' title="bbox 94 1961 768 2028; baseline -0.003 -16"><span class='ocrx_word' id='word_1_182' title='bbox 94 1963 197 2012; x_wconf 75' lang='lat' dir='ltr'><strong>irrueret</strong></span> <span class='ocrx_word' id='word_1_183' title='bbox 207 1964 342 2028; x_wconf 85' lang='lat' dir='ltr'><strong>Rhodopen,</strong></span> <span class='ocrx_word' id='word_1_184' title='bbox 354 1976 385 2019; x_wconf 85' lang='lat' dir='ltr'><strong>et,</strong></span> <span class='ocrx_word' id='word_1_185' title='bbox 398 1967 470 2012; x_wconf 86' lang='lat' dir='ltr'><strong>mixto</strong></span> <span class='ocrx_word' id='word_1_186' title='bbox 482 1965 570 2012; x_wconf 87' lang='lat' dir='ltr'><strong>turbiue</strong></span> <span class='ocrx_word' id='word_1_187' title='bbox 579 1964 662 2026; x_wconf 84' lang='lat' dir='ltr'><strong>gentis,</strong></span> <span class='ocrx_word' id='word_1_188' title='bbox 733 1961 768 2010; x_wconf 73' lang='lat'><strong>50</strong></span> 
     </span>
     <span class='ocr_line' id='line_1_30' title="bbox 93 2029 678 2083; baseline -0.003 -5"><span class='ocrx_word' id='word_1_189' title='bbox 93 2029 149 2078; x_wconf 86' lang='lat' dir='ltr'><strong>Jarn</strong></span> <span class='ocrx_word' id='word_1_190' title='bbox 162 2029 249 2078; x_wconf 79' lang='lat' dir='ltr'><strong>decerta</strong></span> <span class='ocrx_word' id='word_1_191' title='bbox 259 2046 310 2078; x_wconf 86' lang='lat' dir='ltr'><strong>suas</strong></span> <span class='ocrx_word' id='word_1_192' title='bbox 321 2033 344 2076; x_wconf 92' lang='lat' dir='ltr'><strong>in</strong></span> <span class='ocrx_word' id='word_1_193' title='bbox 356 2045 398 2076; x_wconf 89' lang='lat' dir='ltr'><strong>nos</strong></span> <span class='ocrx_word' id='word_1_194' title='bbox 409 2029 575 2077; x_wconf 73' lang='lat' dir='ltr'><strong>transfunderet</strong></span> <span class='ocrx_word' id='word_1_195' title='bbox 585 2029 678 2083; x_wconf 84' lang='lat' dir='ltr'><strong>Arctos,</strong></span> 
     </span>
     <span class='ocr_line' id='line_1_31' title="bbox 93 2093 620 2156; baseline -0.006 -13"><span class='ocrx_word' id='word_1_196' title='bbox 93 2093 197 2143; x_wconf 84' lang='lat' dir='ltr'><strong>Danubii</strong></span> <span class='ocrx_word' id='word_1_197' title='bbox 208 2102 264 2142; x_wconf 85' lang='lat' dir='ltr'><strong>totae</strong></span> <span class='ocrx_word' id='word_1_198' title='bbox 275 2104 392 2142; x_wconf 86' lang='lat' dir='ltr'><strong>vomerent</strong></span> <span class='ocrx_word' id='word_1_199' title='bbox 406 2110 457 2142; x_wconf 90' lang='lat' dir='ltr'><strong>curn</strong></span> <span class='ocrx_word' id='word_1_200' title='bbox 468 2095 548 2156; x_wconf 85' lang='lat' dir='ltr'><strong>proelia</strong></span> <span class='ocrx_word' id='word_1_201' title='bbox 558 2095 620 2155; x_wconf 75' lang='lat' dir='ltr'><strong>ripae,</strong></span> 
     </span>
     <span class='ocr_line' id='line_1_32' title="bbox 95 2157 712 2222; baseline -0.003 -14"><span class='ocrx_word' id='word_1_202' title='bbox 95 2157 158 2208; x_wconf 88' lang='lat' dir='ltr'><strong>Cum</strong></span> <span class='ocrx_word' id='word_1_203' title='bbox 170 2160 258 2206; x_wconf 88' lang='lat' dir='ltr'><strong>Geticis</strong></span> <span class='ocrx_word' id='word_1_204' title='bbox 268 2160 349 2222; x_wconf 83' lang='lat' dir='ltr'><strong>ingens</strong></span> <span class='ocrx_word' id='word_1_205' title='bbox 360 2168 500 2222; x_wconf 87' lang='lat' dir='ltr'><strong>premeretur</strong></span> <span class='ocrx_word' id='word_1_206' title='bbox 510 2159 589 2220; x_wconf 79' lang='lat' dir='ltr'><strong>Mysia</strong></span> <span class='ocrx_word' id='word_1_207' title='bbox 599 2157 712 2220; x_wconf 78' lang='lat' dir='ltr'><strong>plaustris,</strong></span> 
     </span>
     <span class='ocr_line' id='line_1_33' title="bbox 94 2221 675 2287; baseline -0.002 -16"><span class='ocrx_word' id='word_1_208' title='bbox 94 2221 211 2286; x_wconf 77' lang='lat' dir='ltr'><strong>Flavaque</strong></span> <span class='ocrx_word' id='word_1_209' title='bbox 219 2225 336 2272; x_wconf 86' lang='lat' dir='ltr'><strong>Bistonios</strong></span> <span class='ocrx_word' id='word_1_210' title='bbox 345 2225 457 2287; x_wconf 80' lang='lat' dir='ltr'><strong>operirent</strong></span> <span class='ocrx_word' id='word_1_211' title='bbox 467 2225 559 2286; x_wconf 81' lang='lat' dir='ltr'><strong>agmina</strong></span> <span class='ocrx_word' id='word_1_212' title='bbox 568 2239 675 2285; x_wconf 83' lang='lat' dir='ltr'><strong>campos;</strong></span> 
     </span>
     <span class='ocr_line' id='line_1_34' title="bbox 95 2286 776 2344; baseline -0.004 -9"><span class='ocrx_word' id='word_1_213' title='bbox 95 2288 207 2336; x_wconf 90' lang='lat' dir='ltr'><strong>Omnibus</strong></span> <span class='ocrx_word' id='word_1_214' title='bbox 218 2289 313 2344; x_wconf 89' lang='lat' dir='ltr'><strong>afflictis,</strong></span> <span class='ocrx_word' id='word_1_215' title='bbox 325 2289 530 2336; x_wconf 85' lang='lat' dir='ltr'><strong>etvellabentibus</strong></span> <span class='ocrx_word' id='word_1_216' title='bbox 540 2289 594 2342; x_wconf 87' lang='lat' dir='ltr'><strong>ictu,</strong></span> <span class='ocrx_word' id='word_1_217' title='bbox 723 2286 776 2333; x_wconf 65' lang='lat'><strong>55.</strong></span> 
     </span>
     <span class='ocr_line' id='line_1_35' title="bbox 93 2352 617 2416; baseline 0 -17"><span class='ocrx_word' id='word_1_218' title='bbox 93 2352 142 2400; x_wconf 87' lang='lat' dir='ltr'><strong>Vel</strong></span> <span class='ocrx_word' id='word_1_219' title='bbox 151 2369 221 2416; x_wconf 87' lang='lat' dir='ltr'><strong>prope</strong></span> <span class='ocrx_word' id='word_1_220' title='bbox 229 2355 321 2407; x_wconf 88' lang='lat' dir='ltr'><strong>casuris,</strong></span> <span class='ocrx_word' id='word_1_221' title='bbox 335 2370 392 2401; x_wconf 86' lang='lat' dir='ltr'><strong>unua</strong></span> <span class='ocrx_word' id='word_1_222' title='bbox 403 2361 438 2400; x_wconf 93' lang='lat' dir='ltr'><strong>tot</strong></span> <span class='ocrx_word' id='word_1_223' title='bbox 447 2353 527 2401; x_wconf 84' lang='lat' dir='ltr'><strong>funera</strong></span> <span class='ocrx_word' id='word_1_224' title='bbox 538 2364 617 2400; x_wconf 85' lang='lat' dir='ltr'><strong>contra</strong></span> 
     </span>
     <span class='ocr_line' id='line_1_36' title="bbox 91 2415 661 2480; baseline -0.011 -12"><span class='ocrx_word' id='word_1_225' title='bbox 91 2415 197 2472; x_wconf 75' lang='lat' dir='ltr'><strong>Restitit,</strong></span> <span class='ocrx_word' id='word_1_226' title='bbox 210 2420 362 2480; x_wconf 83' lang='lat' dir='ltr'><strong>exstinxitque</strong></span> <span class='ocrx_word' id='word_1_227' title='bbox 372 2419 439 2472; x_wconf 85' lang='lat' dir='ltr'><strong>iaces,</strong></span> <span class='ocrx_word' id='word_1_228' title='bbox 452 2418 557 2480; x_wconf 79' lang='lat' dir='ltr'><strong>agrisque</strong></span> <span class='ocrx_word' id='word_1_229' title='bbox 567 2417 661 2464; x_wconf 89' lang='lat' dir='ltr'><strong>colonos</strong></span> 
     </span>
     <span class='ocr_line' id='line_1_37' title="bbox 93 2481 613 2546; baseline -0.01 -14"><span class='ocrx_word' id='word_1_230' title='bbox 93 2481 210 2538; x_wconf 79' lang='lat' dir='ltr'><strong>Reddidit,</strong></span> <span class='ocrx_word' id='word_1_231' title='bbox 222 2492 246 2532; x_wconf 88' lang='lat' dir='ltr'><strong>et</strong></span> <span class='ocrx_word' id='word_1_232' title='bbox 256 2484 296 2531; x_wconf 89' lang='lat' dir='ltr'><strong>leti</strong></span> <span class='ocrx_word' id='word_1_233' title='bbox 307 2485 380 2546; x_wconf 85' lang='lat' dir='ltr'><strong>rapuit</strong></span> <span class='ocrx_word' id='word_1_234' title='bbox 391 2485 419 2532; x_wconf 89' lang='lat' dir='ltr'><strong>de</strong></span> <span class='ocrx_word' id='word_1_235' title='bbox 428 2483 529 2531; x_wconf 85' lang='lat' dir='ltr'><strong>lancibus</strong></span> <span class='ocrx_word' id='word_1_236' title='bbox 540 2483 613 2528; x_wconf 79' lang='lat' dir='ltr'><strong>urbes.</strong></span> 
     </span>
    </p>
   </div>
   <div class='ocr_carea' id='block_1_7' title="bbox 10 2547 637 2599">
    <p class='ocr_par' dir='ltr' id='par_1_13' title="bbox 10 2547 637 2599">
     <span class='ocr_line' id='line_1_38' title="bbox 10 2547 637 2599; baseline -0.005 -4"><span class='ocrx_word' id='word_1_237' title='bbox 10 2575 16 2582; x_wconf 95' lang='lat'><em>·</em></span> <span class='ocrx_word' id='word_1_238' title='bbox 93 2547 166 2596; x_wconf 86' lang='lat' dir='ltr'><strong>Nulla</strong></span> <span class='ocrx_word' id='word_1_239' title='bbox 176 2549 255 2599; x_wconf 86' lang='lat' dir='ltr'><strong>relicta</strong></span> <span class='ocrx_word' id='word_1_240' title='bbox 263 2549 323 2596; x_wconf 82' lang='lat' dir='ltr'><strong>foret</strong></span> <span class='ocrx_word' id='word_1_241' title='bbox 333 2549 432 2596; x_wconf 88' lang='lat' dir='ltr'><strong>Romani</strong></span> <span class='ocrx_word' id='word_1_242' title='bbox 444 2549 541 2595; x_wconf 91' lang='lat' dir='ltr'><strong>nominis</strong></span> <span class='ocrx_word' id='word_1_243' title='bbox 552 2547 637 2599; x_wconf 84' lang='lat' dir='ltr'><strong>umbra,</strong></span> 
     </span>
    </p>
   </div>
   <div class='ocr_carea' id='block_1_8' title="bbox 94 2608 768 2679">
    <p class='ocr_par' dir='ltr' id='par_1_14' title="bbox 94 2608 768 2679">
     <span class='ocr_line' id='line_1_39' title="bbox 94 2608 768 2679; baseline -0.004 -19"><span class='ocrx_word' id='word_1_244' title='bbox 94 2611 127 2660; x_wconf 85' lang='lat' dir='ltr'><strong>Ni</strong></span> <span class='ocrx_word' id='word_1_245' title='bbox 137 2621 202 2679; x_wconf 87' lang='lat' dir='ltr'><strong>pater</strong></span> <span class='ocrx_word' id='word_1_246' title='bbox 209 2613 248 2662; x_wconf 88' lang='lat' dir='ltr'><strong>ille</strong></span> <span class='ocrx_word' id='word_1_247' title='bbox 257 2622 311 2662; x_wconf 80' lang='lat' dir='ltr'><strong>tuus</strong></span> <span class='ocrx_word' id='word_1_248' title='bbox 317 2615 410 2678; x_wconf 84' lang='lat' dir='ltr'><strong>jamjam</strong></span> <span class='ocrx_word' id='word_1_249' title='bbox 423 2614 508 2664; x_wconf 77' lang='lat' dir='ltr'><strong>ruitura</strong></span> <span class='ocrx_word' id='word_1_250' title='bbox 518 2608 615 2660; x_wconf 86' lang='lat' dir='ltr'><strong>subisset</strong></span> <span class='ocrx_word' id='word_1_251' title='bbox 733 2609 768 2652; x_wconf 83' lang='grc'><strong>60</strong></span> 
     </span>
    </p>
   </div>
   <div class='ocr_carea' id='block_1_9' title="bbox 0 0 950 2892">
    <p class='ocr_par' dir='ltr' id='par_1_15' title="bbox 0 0 950 2892">
     <span class='ocr_line' id='line_1_40' title="bbox 0 0 950 2892; baseline 0 0"><span class='ocrx_word' id='word_1_252' title='bbox 0 0 950 2892; x_wconf 95' lang='lat' dir='ltr'><strong> </strong></span> 
     </span>
    </p>
   </div>
  </div>
 </body>
</html>
