1892 2892
170 123 210 190 m
221 123 425 176 cremense
440 115 590 174 snrmcm
602 123 656 172 ns
667 121 702 172 u.
727 126 774 173 rra

103 246 121 270 ‘³
128 237 174 288 Ma
181 253 271 302 qnoque
277 236 356 286 vicinis
363 244 494 300 pereuntem
500 237 632 301 gentihuffl
638 237 717 300 inquit,
725 240 775 286 250

104 313 122 335 “
131 304 237 351 Munivit
248 303 365 358 Stilichon,
378 310 449 350 totam
460 318 512 349 enm
524 303 607 350 Scotus
617 303 702 350 Idrnen

101 368 192 422 Movit,
204 375 228 414 et
238 367 319 414 infesto
330 367 441 430 spumavit
452 369 538 430 remige
547 367 643 432 Tethys.

102 433 172 482 Illius
182 431 287 480 effectum
298 433 364 486 curis,
377 448 406 479 ne
416 431 461 479 teia
471 433 573 479 timerem

105 497 205 551 Scotica,
217 512 247 544 ne
258 496 349 543 Pictum
359 504 486 550 tremerem,
499 512 527 543 ne
537 497 603 544 litore
613 503 662 544 toto

105 562 263 624 Prospicerem
275 561 346 608 dubiis
356 568 476 608 venturum
488 561 578 608 wona
587 561 686 609 ventis.”
726 562 775 610 2⁵5

139 625 202 674 Tum
213 626 280 688 spicis
290 632 314 672 et
324 625 391 673 dente
401 641 478 672 comas
487 625 580 672 illustris
590 627 682 681 eburno,

100 690 142 740 Et
154 691 224 737 calido
236 689 357 736 rubicunda
367 691 410 744 die,
423 691 454 736 sic
466 688 544 737 Africa
553 690 627 738 fatur:

107 763 124 786 ‘⁴
135 755 255 817 Sperabam
266 755 339 801 nullas
349 754 436 810 trabeis,
449 754 548 801 Gildone
557 762 666 816 peremto,

106 820 181 868 Nasci
191 834 258 882 posse
268 835 356 867 moras:
372 819 440 865 etiam
450 833 511 867 nunc
521 819 559 865 ilie
570 827 688 882 repugnat,

107 885 143 934 Et
154 891 217 932 tanto
227 883 312 930 dubitat
321 883 393 931 fasces
403 884 503 945 praehere
513 884 633 945 triumpho,
729 885 778 930 260

109 948 160 1004 Qut
169 949 225 994 mihi
235 947 369 994 Maurorum
380 948 469 1009 penitus
478 948 621 1009 lacrymabile
631 962 714 995 nomen

159 1028 223 1060 orare
233 1011 326 1058 deditt'·
337 1011 402 1078 'Post
412 1013 460 1068 has,
473 1013 587 1067 OEnotris,
598 1013 666 1060 lentis

103 1079 105 1084 '
135 1077 204 1124 itibus
214 1077 344 1137 intorquens
354 1076 453 1130 hederas,
466 1084 489 1123 et
499 1077 591 1139 palmite
600 1078 665 1140 largo

108 1143 175 1189 Vina
183 1140 264 1194 fluens,
281 1141 331 1189 “Si
342 1157 384 1189 vos
394 1141 450 1188 adeo
462 1141 585 1188 Stilichone
595 1143 683 1190 curules

109 1206 202 1268 asgeri
212 1203 338 1268 flagratis,”
355 1206 393 1260 ait,
412 1212 428 1236 ‘⁴
437 1203 492 1267 quas
503 1207 637 1268 solaJuvare
730 1208 779 1255 265

111 1270 186 1318 Fama
195 1277 283 1332 potest3
300 1278 384 1332 quanto
395 1285 432 1318 me
443 1271 533 1332 dignius
543 1272 621 1318 incitat
631 1271 703 1326 ardor,

112 1335 151 1382 Ut
162 1342 274 1397 praesente
282 1335 351 1390 fruar,
364 1336 595 1397 conscendentemque
606 1336 701 1383 tribunal

112 1399 250 1460 Prosequar,
262 1405 329 1461 atque
339 1400 391 1447 anni
402 1401 537 1462 pandentem
548 1401 644 1447 claustra
654 1401 748 1448 salutem
756 1399 780 1448 Ρ*

147 1463 240 1511 Talibus
251 1464 363 1512 alternant
374 1465 452 1512 studiis
458 1482 466 1523 ;
484 1465 634 1526 Romamque,
645 1473 769 1527 precantes,

113 1528 164 1577 Pro
174 1529 268 1582 cunctis,
281 1529 405 1584 hortentur,
417 1536 468 1576 eat:
488 1544 529 1575 nec
541 1530 633 1590 segnius
642 1529 681 1575 illa
732 1533 782 1578 270

115 1593 200 1640 Paruit
208 1593 296 1652 officio;
312 1594 360 1647 sed,
372 1594 440 1656 raptis
450 1594 553 1655 protinus
563 1593 638 1649 armis,

104 1658 195 1719 ,Ocyor
205 1673 301 1704 excusso
311 1673 350 1719 per
361 1659 436 1706 nubila
446 1659 518 1704 sidere
528 1658 607 1704 tendit

104 1719 279 1770 'Transvehitur
288 1721 392 1780 Tuscos3
410 1722 589 1784 Apenninusque
598 1722 675 1770 volatu

113 1787 253 1850 Stringitur:
273 1785 386 1834 Eridanus
397 1788 469 1850 clypei
475 1789 525 1850 jam
535 1786 636 1850 fulgurat
646 1785 733 1834 umbri.

113 1850 226 1900 Constitit
236 1857 289 1899 ante
299 1851 385 1905 ducem,
398 1849 477 1900 tetrici
487 1867 529 1899 nec
537 1851 628 1899 Pallade
635 1853 722 1899 vultum
734 1854 782 1900 275

61 1920 64 1926 '
113 1917 232 1970 Deterior,
245 1931 287 1963 nec
298 1916 376 1963 Marto
387 1917 468 1963 minor.
486 1915 575 1964 Tremit
585 1917 639 1966 o'rbe
649 1932 743 1965 corusco

98 1973 171 2044 ’,ἴδω
181 1980 270 2040 domus,
282 1988 306 2027 et
317 1997 411 2028 summae
422 1988 515 2044 tergunt
524 1982 635 2042 lmueoria
644 1982 728 2029 cristae.

106 2045 179 2094 Tum
189 2045 250 2107 prior
260 2046 380 2092 attonitum
390 2047 461 2110 gratis
472 2045 538 2093 affata
548 2046 656 2108 querelis:

118 2117 136 2141 “
146 2109 259 2165 Servatus,
272 2110 389 2165 Stilichon,
401 2125 441 2173 per
451 2109 482 2164 te,
494 2111 628 2166 venerande,
638 2111 733 2168 curules,

114 2175 215 2224 Ornatas
225 2173 327 2237 necdum,
339 2174 419 2222 fateor.
439 2175 501 2230 Quid
511 2175 596 2238 prolirit
606 2176 659 2222 anni
734 2179 784 2224 280

117 2239 230 2288 Servilenr
240 2239 351 2302 pepulisse
362 2240 456 2286 notam?
473 2240 573 2288 defendis
582 2242 699 2295 honorem,

107 2305 197 2359 ,Quem
207 2303 282 2366 fugis!
300 2311 324 2352 et
334 2305 427 2368 spernis,
440 2303 503 2352 tanti
512 2311 579 2366 quem
589 2305 650 2352 mole
661 2304 743 2354 tueris!

115 2367 219 2430 Respuis
228 2369 335 2423 oblatum,
347 2385 388 2432 pro
399 2385 444 2430 quo
454 2370 542 2417 labente
552 2369 649 2417 resistis!

118 2433 234 2488 Quaenam
245 2448 313 2480 causa
322 2433 409 2480 morae?
426 2449 472 2495 quo
482 2449 521 2481 me
530 2435 663 2482 cunctabere
672 2449 749 2482 rursus

117 2496 234 2561 Ingenio?
250 2495 336 2545 Nullus
346 2498 428 2546 Boreae
436 2504 524 2557 metus3
536 2498 610 2545 omnis
618 2506 642 2545 et
649 2499 728 2547 Austri
737 2503 785 2546 985

117 2562 168 2610 Ora
178 2562 244 2618 silete
261 2561 343 2610 cecidit
352 2563 464 2620 Maums;
482 2563 605 2611 Germania
614 2564 696 2620 cessit3
728 2576 730 2581 ·

45 2623 50 2632 '
109 2625 154 2700 ‘Et
162 2626 248 2684 lanum
258 2641 303 2692 pax
314 2628 359 2676 alta
368 2627 432 2691 ligat·
446 2625 484 2676 Te
494 2628 586 2676 consule
596 2627 691 2683 necdum
