1892 2892
260 125 298 173 IN
315 125 485 176 RUFINUM
503 125 557 174 Lm.
571 125 607 174 ll.
746 134 779 181 29

102 251 135 300 Et
146 253 245 315 trepidas
252 262 337 301 moesto
346 255 440 302 n'matur
450 269 566 302 munnure
574 253 649 301 ninas.
730 257 780 301 256

103 317 138 364 Ut
149 335 199 365 sese
210 319 271 382 legio
282 319 338 366 vidit
349 320 460 382 disjtrncta
471 321 574 381 relinqui,

103 381 226 444 Ingentem
238 384 298 430 tollit
307 385 418 447 gemitum
427 401 435 442 ;
452 385 573 447 galeasque
583 381 688 448 [solutis]

10 475 16 498 r
104 445 249 496 Humectant
258 450 364 510 lacrymis
373 467 381 507 3
397 463 542 512 pressamque
552 450 664 496 morantia
673 464 762 502 vocem,

102 511 233 561 Thoracum
244 514 331 562 validos
342 515 433 576 pulsant
443 516 540 577 suspiria⁴
548 530 628 561 nexus.
728 518 779 561 260

105 584 121 606 “
128 578 269 625 Tradimur?
277 579 335 628 heu!
345 586 479 642 tantumque
487 581 549 641 sequi
560 581 704 642 prohibemur
713 593 779 626 amo·

205 659 253 690 rem
259 642 288 689 r!

104 708 257 756 Exclamant:
278 715 294 739 ‘⁴
306 710 423 771 spemisne
435 715 493 761 mas,
506 710 552 756 dux
563 709 654 771 optime.
667 709 766 761 dextras,

105 773 170 826 Qnas
180 774 221 820 tibi
232 774 337 820 victrices
348 775 415 822 toties
426 773 524 822 Bellona
534 773 656 836 probavit?

107 838 159 884 Nos
170 839 227 885 adeo
238 839 313 885 viles?
330 839 385 885 adeo
396 839 483 886 felicior
494 841 542 885 axia

106 902 242 966 Hesperius,
255 904 337 950 meruit
347 904 386 964 qui
398 912 421 950 te
431 911 519 950 rectore
530 904 618 950 teneri?
731 903 781 947 265

107 968 170 1023 Quid
181 969 247 1015 nobis
257 969 359 1030 patriam,
372 969 426 1029 quid
436 970 496 1016 clara
506 971 604 1016 revisere
614 968 706 1015 tandem

107 1033 216 1096 Pignora,
229 1034 425 1096 dilectosvejurat
436 1034 533 1081 coluisse
543 1034 652 1096 penates?

107 1097 143 1145 Te
155 1100 212 1152 sine,
225 1098 290 1144 dulce
301 1099 363 1145 nihil.
382 1099 436 1147 Jam
446 1099 566 1146 formidata
575 1099 665 1160 tyranni

108 1163 245 1226 Tempestas
256 1163 370 1210 subeunda
380 1165 451 1221 mihi3
468 1165 507 1225 qui
518 1165 578 1210 forte
588 1164 696 1210 nefandas

106 1228 160 1277 Jam
171 1237 236 1290 parnt
244 1228 349 1286 insidias,
362 1229 399 1288 qul
411 1244 453 1275 nos
461 1237 500 1275 aut
511 1231 612 1291 turpibus
620 1228 721 1282 Hunnis,
735 1229 785 1274 270

109 1293 159 1340 Aut
169 1293 288 1355 impacatis
298 1292 396 1340 famulos
406 1294 521 1356 praestabit
530 1294 625 1351 Alanis3

111 1357 256 1418 Quamquam
266 1373 311 1404 non
320 1358 376 1405 adeo
385 1359 451 1406 robur
462 1359 568 1406 deiecerit
577 1374 651 1413 omne,

109 1423 216 1471 Tantane
223 1424 328 1485 galandi
335 1423 403 1470 t'nerit
413 1425 507 1487 penuria
516 1425 576 1470 terri.

109 1488 148 1535 Tu
158 1489 213 1534 licet
221 1488 316 1538 occiduo
326 1503 417 1536 maneas
429 1490 470 1535 sub
481 1490 570 1536 cardine
579 1489 645 1541 Solis,

110 1553 149 1600 Tu
156 1553 211 1598 mihi
219 1552 267 1598 dux
275 1569 370 1615 semper,
376 1549 499 1611 Stilichon3
509 1561 653 1614 nostramque
660 1553 698 1600 vel
705 1554 786 1599 absens

111 1615 332 1680 Experiere‘fidenr:
352 1617 439 1666 dabitur
449 1619 490 1665 tibi
501 1619 574 1665 debita
584 1619 670 1680 pridem
736 1622 784 1665 ‘276

111 1683 226 1730 Victima:
242 1680 488 1748 promissis-[longum]
500 1685 615 1746 placabere
625 1681 720 1729 sacris.”

144 1747 244 1794 Tristior
256 1747 386 1795 Haemoniis
396 1750 461 1796 miles
471 1750 587 1811 digressus
595 1750 622 1795 ab
633 1749 678 1795 oris

114 1811 236 1874 Tangebat
247 1811 366 1860 Macetdm
377 1813 441 1925 goes,
454 1829 576 1875 murosque
588 1815 682 1868 subibat,

113 1876 284 1930 Thessalonica,
297 1885 356 1924 tuos.
394 1895 450 1925 eosu
461 1876 525 1925 dolor
536 1881 607 1926 haeret
615 1879 639 1924 in
649 1878 696 1926 alto
739 1881 788 1924 280

114 1941 222 1995 Abditas,
232 1953 255 2006 et
266 1942 345 1992 tacitas
355 1944 461 1990 vindictae
472 1945 588 2005 praestruit
597 1944 657 2001 iras3

115 2008 281 2068 spectaturque
290 2007 369 2055 favens
380 2009 437 2055 odiis
446 2010 518 2062 locus,
529 2018 624 2071 aptaque
631 2010 678 2056 leto

112 2071 242 2132 Tempora:
262 2087 304 2136 nec
314 2073 432 2134 quisquam
443 2073 507 2120 tanti
517 2075 546 2120 de
555 2074 619 2135 plebe
630 2081 737 2136 repertus,

114 2136 226 2183 Proderet
237 2137 332 2184 incautis
343 2139 381 2199 qui
392 2139 460 2186 corda
467 2139 576 2186 minantia
583 2139 663 2186 verbio.

9 2213 20 2236 ι
114 2201 176 2254 Quae
188 2215 235 2246 uon
246 2203 372 2263 posteritas,
381 2218 432 2264 qnae
441 2219 487 2250 non
498 2205 614 2251 mirabitur
624 2212 679 2252 aetas
740 2208 787 2252 285

113 2265 186 2313 Tanti
199 2268 318 2313 consilium
330 2269 393 2330 vulgi
404 2270 506 2334 potuisse
517 2271 593 2323 taceri,

113 2331 165 2376 Aut
174 2331 263 2378 facinus
274 2339 319 2378 tam
331 2334 417 2395 grande
428 2335 633 2398 tegiicmentisque
641 2335 739 2381 calorem

113 2393 171 2441 Non
183 2411 289 2443 sannone
299 2398 350 2451 viae,
363 2413 408 2444 non
418 2400 478 2446 inter
487 2401 575 2460 pocula,
588 2399 680 2460 rumpi?

113 2461 220 2521 AEqualis
231 2469 317 2508 tantam
329 2465 401 2510 tenuit
412 2465 538 2510 constantia
549 2465 650 2519 tnrbam;

9 2563 14 2576 .
112 2525 147 2572 Et
157 2525 201 2572 fuit
212 2541 320 2576 arcanum
328 2529 418 2590 populo.
438 2528 581 2574 Percurritur
591 2527 696 2583 Hebrns3
739 2531 789 2572 ‘190

111 2589 235 2638 Deseritur
246 2591 367 2654 Rhodope3
384 2593 544 2658 Thracumque
554 2608 594 2652 per
605 2592 673 2638 ardua
685 2590 787 2642 tendunt,

110 2655 196 2704 Donec
207 2656 236 2705 nd
248 2653 359 2704 Herculei
370 2666 504 2720 perventum
517 2657 616 2703 nominis
627 2655 712 2702 urbcm.
759 2707 764 2716 .

550 2735 565 2764 n
582 2726 597 2764 3
