1892 2892
177 75 210 146 ao
279 67 734 129 Dnmtufflovrcottt
791 66 794 71 ’

177 185 338 250 Impuleritque
347 184 443 242 oboroa;
455 198 505 245 quo
511 181 574 240 vivat
583 183 686 234 maobina
695 192 768 241 moon
796 189 844 248 ιφ

177 253 256 302 Sidera
266 266 306 298 our
316 257 401 312 septem
411 254 471 294 retro
483 249 583 294 nitantur
592 247 616 294 in
627 248 706 308 Ortus,

178 318 298 378 Obluctnta
307 313 374 376 polo:
392 311 489 360 variisne
498 313 607 360 meatibus
617 313 676 360 idem

177 381 275 433 Arbiter,
288 394 317 425 nn
327 378 424 440 geminae
435 384 567 428 convertant
578 378 661 424 aethera
671 383 775 427 mentes:
798 379 845 425 105

179 447 245 494 Sitne
254 443 316 490 color
325 441 426 504 proprius
437 457 519 495 rernm,
529 441 616 488 lucisne
626 442 716 504 repulsu

179 509 279 558 Eludant
287 507 357 555 aciem
366 523 372 553 z
392 503 489 553 tumidos
499 521 551 566 quae
561 502 629 552 Luna
639 521 742 555 recursus

148 595 151 602 ·
178 572 272 622 Nutriat
282 569 380 620 Oceani:
399 577 443 630 quo
453 569 524 617 fracto
534 568 632 616 tonitrua
639 577 722 617 ventos

179 638 242 693 Quid
252 637 325 690 trehet
334 633 456 682 imbriferas
467 635 552 680 nubes:
573 649 618 699 quo
629 649 683 680 saxa
694 641 802 682 creentur

179 701 316 751 Grandinis:
330 699 389 746 unde
396 699 457 760 rigor
464 698 565 744 nivibus:
579 696 847 762 quaeflammaperamas

177 766 291 816 Excutiat.
298 764 376 812 rutilos
386 770 478 816 tractus,
490 769 529 808 sut
537 761 632 810 fulmine
642 763 709 810 velox
777 759 781 766 ’
800 767 845 826 lu

178 831 301 892 Torqueat,
313 835 352 876 aut
362 827 447 874 tristem
458 826 514 888 ligat
525 825 604 874 crinita
613 834 725 879 cometen.
785 877 790 885 ‚

211 895 229 944 J
229 911 264 955 sm
275 894 315 941 tibi
323 892 468 954 compositam
478 890 610 938 nudaverat
619 906 701 938 ancora
710 890 812 955 puppim.

179 959 277 1008 Telluris
282 959 331 1020 jam
340 963 414 1002 certus
424 971 481 1001 eras.
500 953 607 1002 Fecunda
616 956 733 1016 placebant

181 1024 250 1080 Otia3
267 1027 384 1068 nannenten
395 1019 456 1065 ibant
465 1019 490 1063 in
501 1019 583 1066 saeotrls
592 1019 657 1077 libri;
798 1021 846 1071 ηδ
933 1050 936 1069 .

182 1085 242 1136 cum
253 1085 326 1132 subito
334 1081 416 1144 liquidi
423 1090 548 1129 cessantem
557 1083 614 1130 vidit
621 1085 649 1130 nb
659 1080 730 1137 aetbrd

180 1151 279 1203 lustitia,
292 1155 315 1197 et
325 1154 388 1194 tanto
398 1146 582 1210 viduatasjudioe
591 1147 662 1209 leges.

183 1214 305 1267 Continuo,
316 1211 415 1258 frontem
425 1211 501 1258 nimbo
508 1212 581 1259 velata
591 1211 702 1273 pudicam,

182 1279 276 1328 Deserit
284 1276 408 1324 Auctumni
418 1283 500 1338 portas,
512 1273 557 1336 quei
567 1275 642 1338 vergit
651 1276 675 1322 in
683 1277 797 1323 Austrum

183 1343 288 1406 Signifer,
300 1347 324 1388 et
334 1341 407 1388 noctis
418 1347 521 1402 reparant
531 1340 645 1402 dispendia
656 1339 743 1388 Chelae.
802 1346 850 1391 120
926 1385 933 1390 .

182 1407 233 1457 Pax
243 1407 329 1472 avibus,
337 1403 477 1466 quicumque
484 1405 545 1452 volnt
551 1421 560 1461 ;
575 1405 703 1466 rabiemque
711 1404 835 1457 irenmtes

183 1469 388 1535 Deponueferae.
407 1463 511 1516 Laetfltllr
521 1476 580 1516 terra
590 1485 680 1523 reverso

183 1537 291 1591 Numine,
304 1535 364 1598 quod
373 1534 440 1597 prisci
450 1541 502 1596 post
512 1541 613 1596 tempora
621 1533 716 1595 perdidit
725 1533 782 1582 auri.

183 1601 233 1657 Illa,
242 1617 283 1665 per
293 1600 412 1654 occultum,
424 1597 537 1660 Ligurum
548 1613 572 1644 se
582 1598 694 1644 moendrus
703 1597 771 1646 infert
776 1616 785 1657 ς

183 1666 224 1721 Et,
233 1673 307 1714 costos
316 1665 402 1711 levibus
411 1663 494 1726 plantis
503 1663 605 1724 ingressa
615 1669 714 1724 penates,
804 1666 851 1717 125

184 1730 275 1779 Invenit
286 1729 389 1776 aetberios
404 1727 530 1788 signantem
540 1727 632 1788 pulvere
641 1742 729 1783 cursus,

186 1795 251 1858 Quos
262 1795 297 1856 pia
309 1791 403 1840 sollicito
411 1791 526 1851 deprendit
533 1791 614 1852 pollioe
621 1789 750 1852 Memphite

186 1861 247 1916 Quoe
257 1863 362 1905 moveant
368 1861 482 1902 momenta
488 1854 565 1916 polum
574 1871 582 1912 ς
598 1870 665 1914 quam
674 1862 749 1901 certus
755 1854 780 1900 in
786 1855 853 1913 astris

185 1925 270 1972 Error:
289 1921 339 1984 quis
350 1919 450 1966 tenebras
460 1918 514 1981 Soli,
527 1919 643 1979 musisque
652 1925 765 1965 meantem

186 1986 320 2052 [Deiectum
331 1984 413 2030 indicat
424 1997 530 2029 numerus
539 1981 560 2046 ε]
572 1997 623 2043 quae
633 1983 692 2029 linea
703 1981 807 2031 Pboeben

185 2051 293 2104 Damnet,
303 2055 326 2096 et
336 2048 427 2095 excluso
435 2046 555 2108 pallentem
565 2045 635 2093 fratre
644 2046 762 2108 relinquat.
806 2052 848 2098 181

188 2113 223 2164 Ut
232 2113 310 2177 procul
320 2111 421 2174 adspexit
430 2109 540 2172 fulgentio
549 2110 644 2172 virginis
654 2126 699 2164 orn.

82 2233 87 2244 .
187 2178 346 2242 cognovitque
357 2175 439 2229 Deam,
453 2175 532 2222 vultus
542 2183 660 2223 veneratus
670 2175 762 2231 amicos,

188 2242 298 2297 Occurrit,
308 2242 440 2302 scriptaeque
450 2246 516 2287 notas
526 2239 642 2292 confundit
652 2254 734 2286 arenae.

189 2307 249 2354 Tum
260 2307 291 2353 sio
299 2305 365 2356 ¹Divo
374 2307 449 2367 prior:
469 2311 486 2354 ⁸⁴.
497 2303 571 2358 Malli,
584 2304 669 2350 sincera
675 2304 788 2352 bonorum
808 2308 856 2354 lss

191 2369 321 2432 congeries,
333 2371 356 2417 in
367 2385 412 2430 quo
423 2369 505 2416 veteris
516 2368 612 2430 vestigia
622 2368 684 2421 recti,

191 2433 224 2480 lit
235 2433 312 2482 ductos
322 2434 388 2482 video
400 2448 472 2480 mores
483 2433 575 2479 meliore
584 2431 690 2480 metullo!

190 2497 242 2546 Jam
253 2499 305 2552 satis
316 2498 426 2544 indultum
438 2497 532 2553 studiis;
548 2496 670 2556 Musaeque
680 2501 715 2542 tot
726 2511 801 2546 annos

192 2559 300 2624 Eripudre
310 2561 371 2608 mihi.
387 2561 477 2610 Pridem
489 2568 512 2607 te
518 2562 571 2623 jura
582 2568 708 2629 repostum.
