<?xml version="1.0" encoding="UTF-8"?>
<!DOCTYPE html PUBLIC "-//W3C//DTD XHTML 1.0 Transitional//EN"
    "http://www.w3.org/TR/xhtml1/DTD/xhtml1-transitional.dtd">
<html xmlns="http://www.w3.org/1999/xhtml" xml:lang="en" lang="en">
 <head>
  <title>
</title>
<meta http-equiv="Content-Type" content="text/html;charset=utf-8" />
  <meta name='ocr-system' content='tesseract 3.04.00' />
  <meta name='ocr-capabilities' content='ocr_page ocr_carea ocr_par ocr_line ocrx_word'/>
</head>
<body>
  <div class='ocr_page' id='page_1' title='image "./opera00claugoog/opera00claugoog_0063.png"; bbox 0 0 1892 2892; ppageno 0'>
   <div class='ocr_carea' id='block_1_1' title="bbox 245 32 806 144">
    <p class='ocr_par' dir='ltr' id='par_1_1' title="bbox 245 32 806 144">
     <span class='ocr_line' id='line_1_1' title="bbox 245 32 806 144; baseline -0.004 -7"><span class='ocrx_word' id='word_1_1' title='bbox 245 32 251 54; x_wconf 55' lang='grc' dir='ltr'>Ι</span> <span class='ocrx_word' id='word_1_2' title='bbox 267 87 318 138; x_wconf 80' lang='grc' dir='ltr'>ΒΕ</span> <span class='ocrx_word' id='word_1_3' title='bbox 329 87 374 137; x_wconf 83' lang='lat' dir='ltr'>lv.</span> <span class='ocrx_word' id='word_1_4' title='bbox 382 87 486 139; x_wconf 77' lang='lat' dir='ltr'>OONS.</span> <span class='ocrx_word' id='word_1_5' title='bbox 499 83 664 136; x_wconf 73' lang='lat' dir='ltr'>norman.</span> <span class='ocrx_word' id='word_1_6' title='bbox 767 96 806 144; x_wconf 59' lang='grc' dir='ltr'>σι</span> 
     </span>
    </p>
   </div>
   <div class='ocr_carea' id='block_1_2' title="bbox 20 191 797 518">
    <p class='ocr_par' dir='ltr' id='par_1_2' title="bbox 123 191 797 322">
     <span class='ocr_line' id='line_1_2' title="bbox 123 191 797 259; baseline 0.01 -18"><span class='ocrx_word' id='word_1_7' title='bbox 123 192 370 256; x_wconf 74' lang='lat' dir='ltr'>Pcrlidiam-damnasl</span> <span class='ocrx_word' id='word_1_8' title='bbox 386 191 456 242; x_wconf 88' lang='lat' dir='ltr'>Metti</span> <span class='ocrx_word' id='word_1_9' title='bbox 467 194 576 244; x_wconf 73' lang='lat' dir='ltr'>umbus</span> <span class='ocrx_word' id='word_1_10' title='bbox 585 198 667 259; x_wconf 80' lang='lat' dir='ltr'>poeois.</span> <span class='ocrx_word' id='word_1_11' title='bbox 745 204 797 248; x_wconf 73' lang='grc'>402</span> 
     </span>
     <span class='ocr_line' id='line_1_3' title="bbox 123 257 701 322; baseline -0.005 -13"><span class='ocrx_word' id='word_1_12' title='bbox 123 261 204 309; x_wconf 74' lang='lat' dir='ltr'>Triste</span> <span class='ocrx_word' id='word_1_13' title='bbox 214 259 277 322; x_wconf 82' lang='lat' dir='ltr'>rigor</span> <span class='ocrx_word' id='word_1_14' title='bbox 287 257 386 306; x_wconf 80' lang='lat' dir='ltr'>nimina?</span> <span class='ocrx_word' id='word_1_15' title='bbox 403 257 514 320; x_wconf 72' lang='lat' dir='ltr'><strong>Torquati</strong></span> <span class='ocrx_word' id='word_1_16' title='bbox 524 261 607 322; x_wconf 65' lang='lat' dir='ltr'>despire</span> <span class='ocrx_word' id='word_1_17' title='bbox 617 279 701 312; x_wconf 77' lang='lat' dir='ltr'>mores.</span> 
     </span>
    </p>

    <p class='ocr_par' dir='ltr' id='par_1_3' title="bbox 20 323 794 518">
     <span class='ocr_line' id='line_1_4' title="bbox 122 323 748 386; baseline 0.006 -12"><span class='ocrx_word' id='word_1_18' title='bbox 122 325 193 374; x_wconf 80' lang='lat' dir='ltr'>Mors</span> <span class='ocrx_word' id='word_1_19' title='bbox 203 325 306 386; x_wconf 84' lang='lat' dir='ltr'>impensa</span> <span class='ocrx_word' id='word_1_20' title='bbox 315 323 416 370; x_wconf 82' lang='lat' dir='ltr'>bonum?</span> <span class='ocrx_word' id='word_1_21' title='bbox 434 323 522 372; x_wconf 70' lang='lat' dir='ltr'>Decio·</span> <span class='ocrx_word' id='word_1_22' title='bbox 532 341 639 376; x_wconf 79' lang='lat' dir='ltr'>venerare</span> <span class='ocrx_word' id='word_1_23' title='bbox 649 336 748 378; x_wconf 78' lang='lat' dir='ltr'>ruentes.</span> 
     </span>
     <span class='ocr_line' id='line_1_5' title="bbox 121 387 794 451; baseline 0.01 -13"><span class='ocrx_word' id='word_1_24' title='bbox 121 390 170 438; x_wconf 86' lang='lat' dir='ltr'>Vel</span> <span class='ocrx_word' id='word_1_25' title='bbox 181 391 242 436; x_wconf 79' lang='lat' dir='ltr'>solus</span> <span class='ocrx_word' id='word_1_26' title='bbox 253 388 307 450; x_wconf 86' lang='lat' dir='ltr'>quid</span> <span class='ocrx_word' id='word_1_27' title='bbox 317 387 381 435; x_wconf 85' lang='lat' dir='ltr'>fortis</span> <span class='ocrx_word' id='word_1_28' title='bbox 392 396 452 451; x_wconf 76' lang='lat' dir='ltr'>agat.</span> <span class='ocrx_word' id='word_1_29' title='bbox 465 397 489 436; x_wconf 90' lang='lat' dir='ltr'>te</span> <span class='ocrx_word' id='word_1_30' title='bbox 499 398 568 451; x_wconf 87' lang='lat' dir='ltr'>ponte</span> <span class='ocrx_word' id='word_1_31' title='bbox 578 393 653 441; x_wconf 87' lang='lat' dir='ltr'>soluto</span> <span class='ocrx_word' id='word_1_32' title='bbox 743 398 794 445; x_wconf 82' lang='grc'>405</span> 
     </span>
     <span class='ocr_line' id='line_1_6' title="bbox 20 447 680 518; baseline 0.005 -19"><span class='ocrx_word' id='word_1_33' title='bbox 20 447 22 460; x_wconf 76' lang='lat'><em>&#39;</em></span> <span class='ocrx_word' id='word_1_34' title='bbox 120 455 248 518; x_wconf 84' lang='lat' dir='ltr'>Oppositus</span> <span class='ocrx_word' id='word_1_35' title='bbox 261 451 350 507; x_wconf 81' lang='lat' dir='ltr'>Coeles,</span> <span class='ocrx_word' id='word_1_36' title='bbox 363 451 431 500; x_wconf 83' lang='lat' dir='ltr'>Muci</span> <span class='ocrx_word' id='word_1_37' title='bbox 442 461 464 500; x_wconf 91' lang='lat' dir='ltr'>te</span> <span class='ocrx_word' id='word_1_38' title='bbox 475 453 572 508; x_wconf 81' lang='lat' dir='ltr'>flamma,</span> <span class='ocrx_word' id='word_1_39' title='bbox 584 456 680 506; x_wconf 76' lang='lat' dir='ltr'>docebit.</span> 
     </span>
    </p>
   </div>
   <div class='ocr_carea' id='block_1_3' title="bbox 112 509 792 1552">
    <p class='ocr_par' dir='ltr' id='par_1_4' title="bbox 116 509 792 1166">
     <span class='ocr_line' id='line_1_7' title="bbox 122 509 773 581; baseline 0.008 -15"><span class='ocrx_word' id='word_1_40' title='bbox 122 520 187 578; x_wconf 75' lang='lat' dir='ltr'>Quid</span> <span class='ocrx_word' id='word_1_41' title='bbox 197 534 261 565; x_wconf 90' lang='lat' dir='ltr'>mora</span> <span class='ocrx_word' id='word_1_42' title='bbox 270 517 401 580; x_wconf 76' lang='lat' dir='ltr'>perfringat,</span> <span class='ocrx_word' id='word_1_43' title='bbox 415 509 513 576; x_wconf 64' lang='lat' dir='ltr'>Folium</span> <span class='ocrx_word' id='word_1_44' title='bbox 530 520 584 581; x_wconf 91' lang='lat' dir='ltr'>quid</span> <span class='ocrx_word' id='word_1_45' title='bbox 595 524 660 570; x_wconf 81' lang='lat' dir='ltr'>rebus</span> <span class='ocrx_word' id='word_1_46' title='bbox 670 524 773 574; x_wconf 74' lang='lat' dir='ltr'>irs-aretis</span> 
     </span>
     <span class='ocr_line' id='line_1_8' title="bbox 119 579 725 648; baseline 0.01 -17"><span class='ocrx_word' id='word_1_47' title='bbox 119 579 180 632; x_wconf 88' lang='lat' dir='ltr'>Dux</span> <span class='ocrx_word' id='word_1_48' title='bbox 190 590 264 646; x_wconf 80' lang='lat' dir='ltr'><strong>gerat,</strong></span> <span class='ocrx_word' id='word_1_49' title='bbox 275 583 379 630; x_wconf 85' lang='lat' dir='ltr'>ostendat</span> <span class='ocrx_word' id='word_1_50' title='bbox 390 583 509 630; x_wconf 77' lang='lat' dir='ltr'>Gallorum</span> <span class='ocrx_word' id='word_1_51' title='bbox 520 593 596 648; x_wconf 79' lang='lat' dir='ltr'>strage</span> <span class='ocrx_word' id='word_1_52' title='bbox 608 585 725 636; x_wconf 82' lang='lat' dir='ltr'>Camillus.</span> 
     </span>
     <span class='ocr_line' id='line_1_9' title="bbox 120 647 679 700; baseline 0.007 -4"><span class='ocrx_word' id='word_1_53' title='bbox 120 648 227 696; x_wconf 82' lang='lat' dir='ltr'>Discltur</span> <span class='ocrx_word' id='word_1_54' title='bbox 237 649 290 694; x_wconf 86' lang='lat' dir='ltr'>hino</span> <span class='ocrx_word' id='word_1_55' title='bbox 301 647 375 693; x_wconf 77' lang='lat' dir='ltr'>nullos</span> <span class='ocrx_word' id='word_1_56' title='bbox 385 647 471 695; x_wconf 84' lang='lat' dir='ltr'>meritis</span> <span class='ocrx_word' id='word_1_57' title='bbox 483 649 590 698; x_wconf 78' lang='lat' dir='ltr'>obsintere</span> <span class='ocrx_word' id='word_1_58' title='bbox 600 667 679 700; x_wconf 79' lang='lat' dir='ltr'>oasnsr</span> 
     </span>
     <span class='ocr_line' id='line_1_10' title="bbox 119 707 792 776; baseline 0.007 -15"><span class='ocrx_word' id='word_1_59' title='bbox 119 707 236 776; x_wconf 75' lang='lat' dir='ltr'>Prorogat</span> <span class='ocrx_word' id='word_1_60' title='bbox 246 721 354 759; x_wconf 67' lang='lat' dir='ltr'>aeternam</span> <span class='ocrx_word' id='word_1_61' title='bbox 364 710 441 760; x_wconf 74' lang='lat' dir='ltr'>feritas</span> <span class='ocrx_word' id='word_1_62' title='bbox 451 713 492 758; x_wconf 88' lang='lat' dir='ltr'>tibi</span> <span class='ocrx_word' id='word_1_63' title='bbox 502 713 591 763; x_wconf 86' lang='lat' dir='ltr'>Punica</span> <span class='ocrx_word' id='word_1_64' title='bbox 599 715 690 772; x_wconf 75' lang='lat' dir='ltr'>famem,</span> <span class='ocrx_word' id='word_1_65' title='bbox 739 721 792 766; x_wconf 80' lang='lat'>410</span> 
     </span>
     <span class='ocr_line' id='line_1_11' title="bbox 119 778 698 841; baseline 0.005 -15"><span class='ocrx_word' id='word_1_66' title='bbox 119 778 227 841; x_wconf 65' lang='lat' dir='ltr'>Regulo:</span> <span class='ocrx_word' id='word_1_67' title='bbox 247 792 363 824; x_wconf 77' lang='lat' dir='ltr'>successus</span> <span class='ocrx_word' id='word_1_68' title='bbox 374 787 481 839; x_wconf 80' lang='lat' dir='ltr'>superant</span> <span class='ocrx_word' id='word_1_69' title='bbox 490 779 584 828; x_wconf 85' lang='lat' dir='ltr'>advorss</span> <span class='ocrx_word' id='word_1_70' title='bbox 595 778 698 829; x_wconf 86' lang='lat' dir='ltr'>Catonis.</span> 
     </span>
     <span class='ocr_line' id='line_1_12' title="bbox 117 841 723 908; baseline 0.003 -16"><span class='ocrx_word' id='word_1_71' title='bbox 117 841 225 892; x_wconf 85' lang='lat' dir='ltr'>Disoitur</span> <span class='ocrx_word' id='word_1_72' title='bbox 235 843 295 895; x_wconf 87' lang='lat' dir='ltr'>hinc,</span> <span class='ocrx_word' id='word_1_73' title='bbox 308 850 415 904; x_wconf 85' lang='lat' dir='ltr'>quantum</span> <span class='ocrx_word' id='word_1_74' title='bbox 426 851 545 904; x_wconf 82' lang='lat' dir='ltr'>paupertas</span> <span class='ocrx_word' id='word_1_75' title='bbox 555 845 628 893; x_wconf 82' lang='lat' dir='ltr'>sobria</span> <span class='ocrx_word' id='word_1_76' title='bbox 638 847 723 908; x_wconf 72' lang='lat' dir='ltr'>possit:</span> 
     </span>
     <span class='ocr_line' id='line_1_13' title="bbox 117 895 715 970; baseline 0.007 -15"><span class='ocrx_word' id='word_1_77' title='bbox 117 895 210 970; x_wconf 81' lang='lat' dir='ltr'>Pauper</span> <span class='ocrx_word' id='word_1_78' title='bbox 220 914 267 954; x_wconf 84' lang='lat' dir='ltr'>erat</span> <span class='ocrx_word' id='word_1_79' title='bbox 280 905 370 959; x_wconf 77' lang='lat' dir='ltr'>Curius,</span> <span class='ocrx_word' id='word_1_80' title='bbox 383 921 448 970; x_wconf 82' lang='lat' dir='ltr'>reges</span> <span class='ocrx_word' id='word_1_81' title='bbox 459 923 512 954; x_wconf 90' lang='lat' dir='ltr'>oum</span> <span class='ocrx_word' id='word_1_82' title='bbox 522 909 624 958; x_wconf 82' lang='lat' dir='ltr'>vinoeret</span> <span class='ocrx_word' id='word_1_83' title='bbox 632 912 715 970; x_wconf 77' lang='lat' dir='ltr'>armis3</span> 
     </span>
     <span class='ocr_line' id='line_1_14' title="bbox 118 969 728 1035; baseline 0.007 -16"><span class='ocrx_word' id='word_1_84' title='bbox 118 970 210 1034; x_wconf 77' lang='lat' dir='ltr'>Pauper</span> <span class='ocrx_word' id='word_1_85' title='bbox 221 969 344 1034; x_wconf 68' lang='lat' dir='ltr'>Fabricius,</span> <span class='ocrx_word' id='word_1_86' title='bbox 356 969 439 1032; x_wconf 84' lang='lat' dir='ltr'><strong>Pyrrhi</strong></span> <span class='ocrx_word' id='word_1_87' title='bbox 450 987 502 1018; x_wconf 88' lang='lat' dir='ltr'>cum</span> <span class='ocrx_word' id='word_1_88' title='bbox 514 983 629 1035; x_wconf 79' lang='lat' dir='ltr'><strong>sperneret</strong></span> <span class='ocrx_word' id='word_1_89' title='bbox 638 992 728 1024; x_wconf 87' lang='lat' dir='ltr'>aurum.</span> 
     </span>
     <span class='ocr_line' id='line_1_15' title="bbox 117 1035 788 1091; baseline 0.006 -5"><span class='ocrx_word' id='word_1_90' title='bbox 117 1037 215 1086; x_wconf 74' lang='lat' dir='ltr'>Sordide</span> <span class='ocrx_word' id='word_1_91' title='bbox 226 1036 335 1082; x_wconf 81' lang='lat' dir='ltr'>Serranus</span> <span class='ocrx_word' id='word_1_92' title='bbox 346 1035 410 1083; x_wconf 87' lang='lat' dir='ltr'>flexit</span> <span class='ocrx_word' id='word_1_93' title='bbox 420 1037 516 1084; x_wconf 84' lang='lat' dir='ltr'>dictator</span> <span class='ocrx_word' id='word_1_94' title='bbox 526 1046 613 1087; x_wconf 84' lang='lat' dir='ltr'>aratra:</span> <span class='ocrx_word' id='word_1_95' title='bbox 736 1045 788 1091; x_wconf 80' lang='lat'>415</span> 
     </span>
     <span class='ocr_line' id='line_1_16' title="bbox 116 1100 631 1166; baseline 0 -17"><span class='ocrx_word' id='word_1_96' title='bbox 116 1102 234 1164; x_wconf 67' lang='lat' dir='ltr'>Lustratm</span> <span class='ocrx_word' id='word_1_97' title='bbox 244 1101 324 1148; x_wconf 88' lang='lat' dir='ltr'>liotore</span> <span class='ocrx_word' id='word_1_98' title='bbox 334 1116 399 1154; x_wconf 78' lang='lat' dir='ltr'>casae,</span> <span class='ocrx_word' id='word_1_99' title='bbox 411 1100 529 1162; x_wconf 76' lang='lat' dir='ltr'>fascesque</span> <span class='ocrx_word' id='word_1_100' title='bbox 538 1103 631 1166; x_wconf 69' lang='lat' dir='ltr'>salignis</span> 
     </span>
    </p>

    <p class='ocr_par' dir='ltr' id='par_1_5' title="bbox 115 1166 637 1224">
     <span class='ocr_line' id='line_1_17' title="bbox 115 1166 637 1224; baseline 0 -9"><span class='ocrx_word' id='word_1_101' title='bbox 115 1166 225 1216; x_wconf 75' lang='lat' dir='ltr'>Postibus</span> <span class='ocrx_word' id='word_1_102' title='bbox 236 1166 311 1212; x_wconf 83' lang='lat' dir='ltr'>affixi:</span> <span class='ocrx_word' id='word_1_103' title='bbox 330 1166 431 1212; x_wconf 79' lang='lat' dir='ltr'>colleotae</span> <span class='ocrx_word' id='word_1_104' title='bbox 441 1166 534 1213; x_wconf 80' lang='lat' dir='ltr'>consule</span> <span class='ocrx_word' id='word_1_105' title='bbox 544 1183 637 1224; x_wconf 79' lang='lat' dir='ltr'>messes,</span> 
     </span>
    </p>

    <p class='ocr_par' dir='ltr' id='par_1_6' title="bbox 116 1231 587 1282">
     <span class='ocr_line' id='line_1_18' title="bbox 116 1231 587 1282; baseline -0.008 0"><span class='ocrx_word' id='word_1_106' title='bbox 116 1231 151 1282; x_wconf 84' lang='lat' dir='ltr'>Et</span> <span class='ocrx_word' id='word_1_107' title='bbox 163 1232 248 1278; x_wconf 79' lang='lat' dir='ltr'>sulcata</span> <span class='ocrx_word' id='word_1_108' title='bbox 259 1231 296 1276; x_wconf 89' lang='lat' dir='ltr'>diu</span> <span class='ocrx_word' id='word_1_109' title='bbox 307 1231 406 1278; x_wconf 87' lang='lat' dir='ltr'>trabeato</span> <span class='ocrx_word' id='word_1_110' title='bbox 417 1247 469 1278; x_wconf 90' lang='lat' dir='ltr'>rura</span> <span class='ocrx_word' id='word_1_111' title='bbox 479 1231 587 1279; x_wconf 85' lang='lat' dir='ltr'>colono.”</span> 
     </span>
    </p>

    <p class='ocr_par' dir='ltr' id='par_1_7' title="bbox 112 1295 787 1552">
     <span class='ocr_line' id='line_1_19' title="bbox 150 1295 747 1358; baseline 0.013 -16"><span class='ocrx_word' id='word_1_112' title='bbox 150 1296 212 1343; x_wconf 83' lang='lat' dir='ltr'>Haeo</span> <span class='ocrx_word' id='word_1_113' title='bbox 222 1297 313 1358; x_wconf 80' lang='lat' dir='ltr'>genitor</span> <span class='ocrx_word' id='word_1_114' title='bbox 322 1303 435 1358; x_wconf 84' lang='lat' dir='ltr'>praeoepta</span> <span class='ocrx_word' id='word_1_115' title='bbox 445 1295 524 1344; x_wconf 78' lang='lat' dir='ltr'>dabat:</span> <span class='ocrx_word' id='word_1_116' title='bbox 543 1298 606 1344; x_wconf 79' lang='lat' dir='ltr'>velut</span> <span class='ocrx_word' id='word_1_117' title='bbox 615 1298 653 1347; x_wconf 89' lang='lat' dir='ltr'>ille</span> <span class='ocrx_word' id='word_1_118' title='bbox 663 1300 747 1349; x_wconf 70' lang='lat' dir='ltr'>nanum</span> 
     </span>
     <span class='ocr_line' id='line_1_20' title="bbox 115 1360 787 1425; baseline 0.01 -18"><span class='ocrx_word' id='word_1_119' title='bbox 115 1360 252 1424; x_wconf 76' lang='lat' dir='ltr'>Longaevus</span> <span class='ocrx_word' id='word_1_120' title='bbox 263 1367 343 1413; x_wconf 86' lang='lat' dir='ltr'>rector,</span> <span class='ocrx_word' id='word_1_121' title='bbox 356 1361 423 1418; x_wconf 76' lang='lat' dir='ltr'>variis</span> <span class='ocrx_word' id='word_1_122' title='bbox 434 1377 500 1421; x_wconf 87' lang='lat' dir='ltr'>quem</span> <span class='ocrx_word' id='word_1_123' title='bbox 510 1370 573 1424; x_wconf 82' lang='lat' dir='ltr'>&#39;saepe</span> <span class='ocrx_word' id='word_1_124' title='bbox 581 1364 686 1425; x_wconf 79' lang='lat' dir='ltr'>procellis</span> <span class='ocrx_word' id='word_1_125' title='bbox 735 1370 787 1414; x_wconf 75' lang='lat'>420</span> 
     </span>
     <span class='ocr_line' id='line_1_21' title="bbox 113 1425 677 1488; baseline 0 -13"><span class='ocrx_word' id='word_1_126' title='bbox 113 1426 251 1488; x_wconf 80' lang='lat' dir='ltr'>Explorarit</span> <span class='ocrx_word' id='word_1_127' title='bbox 261 1425 340 1478; x_wconf 76' lang='lat' dir='ltr'>hiems,</span> <span class='ocrx_word' id='word_1_128' title='bbox 352 1433 423 1486; x_wconf 88' lang='lat' dir='ltr'>ponto</span> <span class='ocrx_word' id='word_1_129' title='bbox 430 1426 478 1488; x_wconf 85' lang='lat' dir='ltr'>jam</span> <span class='ocrx_word' id='word_1_130' title='bbox 489 1425 562 1474; x_wconf 82' lang='lat' dir='ltr'>lessus</span> <span class='ocrx_word' id='word_1_131' title='bbox 572 1438 596 1474; x_wconf 87' lang='lat' dir='ltr'>et</span> <span class='ocrx_word' id='word_1_132' title='bbox 605 1429 677 1484; x_wconf 86' lang='lat' dir='ltr'>annis,</span> 
     </span>
     <span class='ocr_line' id='line_1_22' title="bbox 112 1489 629 1552; baseline 0 -14"><span class='ocrx_word' id='word_1_133' title='bbox 112 1491 244 1552; x_wconf 82' lang='lat' dir='ltr'>AEqooreas</span> <span class='ocrx_word' id='word_1_134' title='bbox 254 1489 300 1536; x_wconf 86' lang='lat' dir='ltr'>alni</span> <span class='ocrx_word' id='word_1_135' title='bbox 310 1497 363 1536; x_wconf 85' lang='lat' dir='ltr'>nato</span> <span class='ocrx_word' id='word_1_136' title='bbox 373 1491 516 1548; x_wconf 80' lang='lat' dir='ltr'>commendat</span> <span class='ocrx_word' id='word_1_137' title='bbox 526 1492 629 1546; x_wconf 71' lang='lat' dir='ltr'>hohenoe.</span> 
     </span>
    </p>
   </div>
   <div class='ocr_carea' id='block_1_4' title="bbox 112 1553 703 1681">
    <p class='ocr_par' dir='ltr' id='par_1_8' title="bbox 112 1553 703 1681">
     <span class='ocr_line' id='line_1_23' title="bbox 112 1553 685 1618; baseline -0.003 -14"><span class='ocrx_word' id='word_1_138' title='bbox 112 1553 149 1604; x_wconf 85' lang='lat' dir='ltr'>Et</span> <span class='ocrx_word' id='word_1_139' title='bbox 159 1571 225 1603; x_wconf 78' lang='lat' dir='ltr'>ossus</span> <span class='ocrx_word' id='word_1_140' title='bbox 234 1563 339 1615; x_wconf 81' lang='lat' dir='ltr'>artesque</span> <span class='ocrx_word' id='word_1_141' title='bbox 349 1554 421 1608; x_wconf 89' lang='lat' dir='ltr'>dooet,</span> <span class='ocrx_word' id='word_1_142' title='bbox 434 1571 479 1618; x_wconf 95' lang='lat' dir='ltr'>quo</span> <span class='ocrx_word' id='word_1_143' title='bbox 490 1555 569 1603; x_wconf 79' lang='lat' dir='ltr'>dextra</span> <span class='ocrx_word' id='word_1_144' title='bbox 579 1564 672 1618; x_wconf 72' lang='lat' dir='ltr'>regator</span> <span class='ocrx_word' id='word_1_145' title='bbox 681 1607 685 1614; x_wconf 32' lang='lat'><strong>⁴</strong></span> 
     </span>
     <span class='ocr_line' id='line_1_24' title="bbox 112 1619 703 1681; baseline -0.005 -13"><span class='ocrx_word' id='word_1_146' title='bbox 112 1621 199 1675; x_wconf 83' lang='lat' dir='ltr'>Sidere,</span> <span class='ocrx_word' id='word_1_147' title='bbox 207 1635 258 1681; x_wconf 84' lang='lat' dir='ltr'>quo</span> <span class='ocrx_word' id='word_1_148' title='bbox 268 1619 351 1666; x_wconf 86' lang='lat' dir='ltr'>fluetus</span> <span class='ocrx_word' id='word_1_149' title='bbox 361 1620 448 1681; x_wconf 81' lang='lat' dir='ltr'>possint</span> <span class='ocrx_word' id='word_1_150' title='bbox 459 1621 611 1667; x_wconf 87' lang='lat' dir='ltr'>moderamine</span> <span class='ocrx_word' id='word_1_151' title='bbox 619 1621 680 1679; x_wconf 83' lang='lat' dir='ltr'>lalli;</span> <span class='ocrx_word' id='word_1_152' title='bbox 698 1633 703 1642; x_wconf 95' lang='lat'>·</span> 
     </span>
    </p>
   </div>
   <div class='ocr_carea' id='block_1_5' title="bbox 107 1685 781 2525">
    <p class='ocr_par' dir='ltr' id='par_1_9' title="bbox 110 1685 781 1875">
     <span class='ocr_line' id='line_1_25' title="bbox 110 1685 781 1748; baseline 0.006 -17"><span class='ocrx_word' id='word_1_153' title='bbox 110 1685 175 1740; x_wconf 66' lang='lat' dir='ltr'>Quae</span> <span class='ocrx_word' id='word_1_154' title='bbox 186 1695 242 1732; x_wconf 88' lang='lat' dir='ltr'>nota</span> <span class='ocrx_word' id='word_1_155' title='bbox 252 1685 377 1730; x_wconf 86' lang='lat' dir='ltr'>nimborum</span> <span class='ocrx_word' id='word_1_156' title='bbox 383 1702 392 1742; x_wconf 71' lang='grc' dir='ltr'>ς</span> <span class='ocrx_word' id='word_1_157' title='bbox 410 1701 460 1748; x_wconf 83' lang='lat' dir='ltr'>quae</span> <span class='ocrx_word' id='word_1_158' title='bbox 470 1685 532 1742; x_wconf 81' lang='lat' dir='ltr'>¹fraus</span> <span class='ocrx_word' id='word_1_159' title='bbox 542 1685 611 1742; x_wconf 75' lang='lat' dir='ltr'>infida</span> <span class='ocrx_word' id='word_1_160' title='bbox 620 1686 707 1745; x_wconf 78' lang='lat' dir='ltr'>sereni5</span> <span class='ocrx_word' id='word_1_161' title='bbox 731 1691 781 1738; x_wconf 75' lang='lat'>425</span> 
     </span>
     <span class='ocr_line' id='line_1_26' title="bbox 112 1749 682 1811; baseline 0.002 -15"><span class='ocrx_word' id='word_1_162' title='bbox 112 1750 176 1804; x_wconf 79' lang='lat' dir='ltr'>Quid</span> <span class='ocrx_word' id='word_1_163' title='bbox 188 1750 229 1797; x_wconf 90' lang='lat' dir='ltr'>Sol</span> <span class='ocrx_word' id='word_1_164' title='bbox 238 1750 345 1804; x_wconf 87' lang='lat' dir='ltr'>oooiduus</span> <span class='ocrx_word' id='word_1_165' title='bbox 355 1749 449 1810; x_wconf 79' lang='lat' dir='ltr'>prodat3</span> <span class='ocrx_word' id='word_1_166' title='bbox 466 1766 511 1811; x_wconf 89' lang='lat' dir='ltr'>quo</span> <span class='ocrx_word' id='word_1_167' title='bbox 522 1752 596 1799; x_wconf 79' lang='lat' dir='ltr'>saucia</span> <span class='ocrx_word' id='word_1_168' title='bbox 605 1761 682 1808; x_wconf 82' lang='lat' dir='ltr'>vento,</span> 
     </span>
     <span class='ocr_line' id='line_1_27' title="bbox 110 1812 596 1875; baseline -0.002 -11"><span class='ocrx_word' id='word_1_169' title='bbox 110 1814 215 1864; x_wconf 83' lang='lat' dir='ltr'>Decolor</span> <span class='ocrx_word' id='word_1_170' title='bbox 225 1814 294 1860; x_wconf 86' lang='lat' dir='ltr'>iratos</span> <span class='ocrx_word' id='word_1_171' title='bbox 304 1814 392 1860; x_wconf 82' lang='lat' dir='ltr'>attollat</span> <span class='ocrx_word' id='word_1_172' title='bbox 403 1812 503 1875; x_wconf 85' lang='lat' dir='ltr'>Cynthia</span> <span class='ocrx_word' id='word_1_173' title='bbox 513 1817 596 1864; x_wconf 80' lang='lat' dir='ltr'>vultus.</span> 
     </span>
    </p>

    <p class='ocr_par' dir='ltr' id='par_1_10' title="bbox 109 1869 779 2264">
     <span class='ocr_line' id='line_1_28' title="bbox 110 1869 779 1948; baseline 0.003 -20"><span class='ocrx_word' id='word_1_174' title='bbox 110 1869 213 1948; x_wconf 77' lang='lat' dir='ltr'>lldspice</span> <span class='ocrx_word' id='word_1_175' title='bbox 222 1894 290 1932; x_wconf 87' lang='lat' dir='ltr'>nuno,</span> <span class='ocrx_word' id='word_1_176' title='bbox 302 1876 526 1941; x_wconf 75' lang='lat' dir='ltr'>qudcumqoemioas,</span> <span class='ocrx_word' id='word_1_177' title='bbox 539 1894 578 1928; x_wconf 82' lang='lat' dir='ltr'>sen</span> <span class='ocrx_word' id='word_1_178' title='bbox 586 1882 683 1928; x_wconf 80' lang='lat' dir='ltr'>circulus</span> <span class='ocrx_word' id='word_1_179' title='bbox 691 1881 779 1939; x_wconf 80' lang='lat' dir='ltr'>Austri,</span> 
     </span>
     <span class='ocr_line' id='line_1_29' title="bbox 111 1941 697 2006; baseline 0.002 -14"><span class='ocrx_word' id='word_1_180' title='bbox 111 1945 201 2006; x_wconf 86' lang='lat' dir='ltr'>Magne</span> <span class='ocrx_word' id='word_1_181' title='bbox 211 1959 299 2006; x_wconf 82' lang='lat' dir='ltr'>parens,</span> <span class='ocrx_word' id='word_1_182' title='bbox 312 1959 351 1990; x_wconf 87' lang='lat' dir='ltr'>seu</span> <span class='ocrx_word' id='word_1_183' title='bbox 363 1951 386 1990; x_wconf 86' lang='lat' dir='ltr'>te</span> <span class='ocrx_word' id='word_1_184' title='bbox 395 1945 464 2006; x_wconf 77' lang='lat' dir='ltr'>gelidi</span> <span class='ocrx_word' id='word_1_185' title='bbox 474 1941 577 1992; x_wconf 66' lang='lat' dir='ltr'>meruere</span> <span class='ocrx_word' id='word_1_186' title='bbox 586 1946 697 2005; x_wconf 87' lang='lat' dir='ltr'>Triones;</span> 
     </span>
     <span class='ocr_line' id='line_1_30' title="bbox 110 2009 779 2073; baseline 0.004 -15"><span class='ocrx_word' id='word_1_187' title='bbox 110 2009 225 2072; x_wconf 77' lang='lat' dir='ltr'>Adspice:</span> <span class='ocrx_word' id='word_1_188' title='bbox 239 2009 364 2070; x_wconf 83' lang='lat' dir='ltr'>completur</span> <span class='ocrx_word' id='word_1_189' title='bbox 373 2017 465 2055; x_wconf 85' lang='lat' dir='ltr'>votum:</span> <span class='ocrx_word' id='word_1_190' title='bbox 475 2011 525 2072; x_wconf 86' lang='lat' dir='ltr'>jam</span> <span class='ocrx_word' id='word_1_191' title='bbox 536 2018 602 2058; x_wconf 85' lang='lat' dir='ltr'>natus</span> <span class='ocrx_word' id='word_1_192' title='bbox 611 2013 714 2073; x_wconf 70' lang='lat' dir='ltr'>adaquat</span> <span class='ocrx_word' id='word_1_193' title='bbox 724 2017 779 2061; x_wconf 78' lang='grc'>480</span> 
     </span>
     <span class='ocr_line' id='line_1_31' title="bbox 109 2074 703 2136; baseline 0.002 -14"><span class='ocrx_word' id='word_1_194' title='bbox 109 2074 147 2122; x_wconf 82' lang='lat' dir='ltr'>Te</span> <span class='ocrx_word' id='word_1_195' title='bbox 157 2074 251 2127; x_wconf 81' lang='lat' dir='ltr'>meritis.</span> <span class='ocrx_word' id='word_1_196' title='bbox 263 2081 287 2120; x_wconf 86' lang='lat' dir='ltr'>et</span> <span class='ocrx_word' id='word_1_197' title='bbox 298 2074 370 2136; x_wconf 89' lang='lat' dir='ltr'>(quod</span> <span class='ocrx_word' id='word_1_198' title='bbox 380 2074 452 2136; x_wconf 80' lang='lat' dir='ltr'>magis</span> <span class='ocrx_word' id='word_1_199' title='bbox 463 2083 498 2120; x_wconf 87' lang='lat' dir='ltr'>est</span> <span class='ocrx_word' id='word_1_200' title='bbox 508 2074 615 2136; x_wconf 83' lang='lat' dir='ltr'>optabile)</span> <span class='ocrx_word' id='word_1_201' title='bbox 625 2077 703 2133; x_wconf 79' lang='lat' dir='ltr'>vineit,</span> 
     </span>
     <span class='ocr_line' id='line_1_32' title="bbox 109 2137 689 2202; baseline -0.002 -14"><span class='ocrx_word' id='word_1_202' title='bbox 109 2140 225 2188; x_wconf 78' lang='lat' dir='ltr'>Subnixus</span> <span class='ocrx_word' id='word_1_203' title='bbox 237 2137 360 2186; x_wconf 85' lang='lat' dir='ltr'>Stilichone</span> <span class='ocrx_word' id='word_1_204' title='bbox 370 2145 425 2196; x_wconf 85' lang='lat' dir='ltr'>tuo;</span> <span class='ocrx_word' id='word_1_205' title='bbox 442 2154 509 2201; x_wconf 87' lang='lat' dir='ltr'>quem</span> <span class='ocrx_word' id='word_1_206' title='bbox 518 2138 623 2187; x_wconf 81' lang='lat' dir='ltr'>fratribus</span> <span class='ocrx_word' id='word_1_207' title='bbox 632 2141 689 2202; x_wconf 73' lang='lat' dir='ltr'>ipre,</span> 
     </span>
     <span class='ocr_line' id='line_1_33' title="bbox 109 2201 662 2264; baseline 0.009 -16"><span class='ocrx_word' id='word_1_208' title='bbox 109 2205 246 2256; x_wconf 79' lang='lat' dir='ltr'>Discedens,</span> <span class='ocrx_word' id='word_1_209' title='bbox 257 2203 362 2264; x_wconf 86' lang='lat' dir='ltr'>clypeum</span> <span class='ocrx_word' id='word_1_210' title='bbox 373 2201 567 2264; x_wconf 76' lang='lat' dir='ltr'>defensoremque,</span> <span class='ocrx_word' id='word_1_211' title='bbox 574 2205 662 2253; x_wconf 80' lang='lat' dir='ltr'>dedisti.</span> 
     </span>
    </p>

    <p class='ocr_par' dir='ltr' id='par_1_11' title="bbox 107 2267 776 2525">
     <span class='ocr_line' id='line_1_34' title="bbox 109 2267 651 2334; baseline -0.002 -16"><span class='ocrx_word' id='word_1_212' title='bbox 109 2269 156 2318; x_wconf 88' lang='lat' dir='ltr'>Pro</span> <span class='ocrx_word' id='word_1_213' title='bbox 167 2269 232 2334; x_wconf 80' lang='lat' dir='ltr'>nobis</span> <span class='ocrx_word' id='word_1_214' title='bbox 242 2267 298 2314; x_wconf 85' lang='lat' dir='ltr'>nihil</span> <span class='ocrx_word' id='word_1_215' title='bbox 308 2268 346 2314; x_wconf 86' lang='lat' dir='ltr'>ille</span> <span class='ocrx_word' id='word_1_216' title='bbox 355 2269 408 2330; x_wconf 83' lang='lat' dir='ltr'>pati,</span> <span class='ocrx_word' id='word_1_217' title='bbox 421 2268 551 2330; x_wconf 88' lang='lat' dir='ltr'>nullumque</span> <span class='ocrx_word' id='word_1_218' title='bbox 561 2280 651 2317; x_wconf 83' lang='lat' dir='ltr'>recusat</span> 
     </span>
     <span class='ocr_line' id='line_1_35' title="bbox 108 2333 776 2388; baseline 0.003 -7"><span class='ocrx_word' id='word_1_219' title='bbox 108 2334 240 2382; x_wconf 88' lang='lat' dir='ltr'>Discrimen</span> <span class='ocrx_word' id='word_1_220' title='bbox 252 2339 340 2380; x_wconf 87' lang='lat' dir='ltr'>tentore</span> <span class='ocrx_word' id='word_1_221' title='bbox 350 2333 397 2380; x_wconf 79' lang='lat' dir='ltr'>sui:</span> <span class='ocrx_word' id='word_1_222' title='bbox 417 2348 463 2379; x_wconf 89' lang='lat' dir='ltr'>non</span> <span class='ocrx_word' id='word_1_223' title='bbox 474 2334 529 2380; x_wconf 88' lang='lat' dir='ltr'>dura</span> <span class='ocrx_word' id='word_1_224' title='bbox 539 2335 634 2388; x_wconf 84' lang='lat' dir='ltr'>viarum,</span> <span class='ocrx_word' id='word_1_225' title='bbox 724 2341 776 2388; x_wconf 73' lang='lat'>435</span> 
     </span>
     <span class='ocr_line' id='line_1_36' title="bbox 107 2396 665 2464; baseline 0.002 -18"><span class='ocrx_word' id='word_1_226' title='bbox 107 2398 164 2447; x_wconf 84' lang='lat' dir='ltr'>Non</span> <span class='ocrx_word' id='word_1_227' title='bbox 174 2400 262 2464; x_wconf 75' lang='lat' dir='ltr'>incerta</span> <span class='ocrx_word' id='word_1_228' title='bbox 270 2398 345 2444; x_wconf 80' lang='lat' dir='ltr'>maria.</span> <span class='ocrx_word' id='word_1_229' title='bbox 362 2396 442 2458; x_wconf 87' lang='lat' dir='ltr'>Libyae</span> <span class='ocrx_word' id='word_1_230' title='bbox 453 2399 575 2459; x_wconf 83' lang='lat' dir='ltr'>squalentis</span> <span class='ocrx_word' id='word_1_231' title='bbox 584 2414 665 2446; x_wconf 80' lang='lat' dir='ltr'>areum</span> 
     </span>
     <span class='ocr_line' id='line_1_37' title="bbox 107 2462 667 2525; baseline -0.002 -12"><span class='ocrx_word' id='word_1_232' title='bbox 107 2465 209 2514; x_wconf 80' lang='lat' dir='ltr'>Audebit</span> <span class='ocrx_word' id='word_1_233' title='bbox 219 2477 324 2525; x_wconf 84' lang='lat' dir='ltr'>superare</span> <span class='ocrx_word' id='word_1_234' title='bbox 333 2462 415 2524; x_wconf 55' lang='lat' dir='ltr'>pedem</span> <span class='ocrx_word' id='word_1_235' title='bbox 432 2462 564 2524; x_wconf 80' lang='lat' dir='ltr'>madidique</span> <span class='ocrx_word' id='word_1_236' title='bbox 573 2463 667 2512; x_wconf 82' lang='lat' dir='ltr'>osdente</span> 
     </span>
    </p>
   </div>
   <div class='ocr_carea' id='block_1_6' title="bbox 17 2515 598 2590">
    <p class='ocr_par' dir='ltr' id='par_1_12' title="bbox 17 2515 598 2590">
     <span class='ocr_line' id='line_1_38' title="bbox 17 2515 598 2590; baseline -0.029 -1"><span class='ocrx_word' id='word_1_237' title='bbox 17 2541 24 2548; x_wconf 85' lang='grc'><strong><em>·</em></strong></span> <span class='ocrx_word' id='word_1_238' title='bbox 105 2515 194 2585; x_wconf 57' lang='lat' dir='ltr'>Pliade,</span> <span class='ocrx_word' id='word_1_239' title='bbox 208 2519 598 2590; x_wconf 66' lang='lat' dir='ltr'>Gaerulasintreoitnivirasyrtee</span> 
     </span>
    </p>
   </div>
   <div class='ocr_carea' id='block_1_7' title="bbox 105 2592 705 2664">
    <p class='ocr_par' dir='ltr' id='par_1_13' title="bbox 105 2592 705 2664">
     <span class='ocr_line' id='line_1_39' title="bbox 105 2592 705 2664; baseline -0.003 -21"><span class='ocrx_word' id='word_1_240' title='bbox 105 2593 268 2664; x_wconf 79' lang='lat' dir='ltr'>Huqotamen</span> <span class='ocrx_word' id='word_1_241' title='bbox 278 2593 302 2640; x_wconf 88' lang='lat' dir='ltr'>in</span> <span class='ocrx_word' id='word_1_242' title='bbox 312 2593 496 2658; x_wconf 78' lang='lat' dir='ltr'>primis-populos</span> <span class='ocrx_word' id='word_1_243' title='bbox 505 2593 597 2642; x_wconf 82' lang='lat' dir='ltr'>levitate</span> <span class='ocrx_word' id='word_1_244' title='bbox 606 2592 705 2653; x_wconf 63' lang='lat' dir='ltr'>teroem.-</span> 
     </span>
    </p>
   </div>
   <div class='ocr_carea' id='block_1_8' title="bbox 0 0 950 2892">
    <p class='ocr_par' dir='ltr' id='par_1_14' title="bbox 0 0 950 2892">
     <span class='ocr_line' id='line_1_40' title="bbox 0 0 950 2892; baseline 0 6"><span class='ocrx_word' id='word_1_245' title='bbox 0 0 950 2892; x_wconf 95' lang='lat' dir='ltr'> </span> 
     </span>
    </p>
   </div>
  </div>
 </body>
</html>
