1892 2892
144 89 183 136 du,
283 75 681 130 DEIV.00Ns.H0u0n1u
700 36 704 44 ·

150 205 184 254 Et
195 207 309 261 Rhenum,
321 219 401 268 pacare
406 205 487 266 jubes:
505 202 569 251 volat
578 203 617 250 ssle
627 203 701 251 elutis
774 209 831 269 44⁰„

151 273 240 320 Vectus
251 271 327 332 equis;
344 265 449 330 nullique
459 271 518 315 latus
529 270 625 331 stipante
635 268 732 325 catervi,

153 337 242 400 Aspera
252 335 363 386 nubiferas
374 333 418 395 qud
429 334 520 380 Rhaetia
530 335 626 396 porrigit
636 334 715 396 Alpes,

157 401 243 466 Pergit,
256 410 280 448 et
290 400 382 446 hostiles
394 400 468 462 (tanta
479 407 514 446 est
523 398 615 459 fiducia)
628 400 687 460 ripas

155 466 304 513 Incomitatus
314 465 367 511 adit.
383 463 468 511 Totum
480 479 598 526 properare
608 480 648 525 per
658 477 748 511 munem

158 533 276 579 Attonitos
286 530 365 576 humili
376 545 441 592 reges
452 531 540 575 cervice
550 528 644 574 videres.
778 534 834 582 445

158 597 220 658 Ante
231 595 311 642 ducem
322 601 424 640 nostrum
435 593 517 640 flavam
529 591 629 654 sparsere
641 593 750 641 Sicambri

160 661 297 717 caesariem
313 660 439 722 pavidoque
450 666 539 705 orantes
549 673 665 705 murmure
676 659 759 707 Franci

159 723 303 774 Procubudre
314 726 369 772 solo.
386 724 403 772 J
404 733 480 770 uratur
492 722 610 768 Honorius
620 724 699 770 absens
705 742 713 781 ;

161 790 314 854 Imploratque
325 799 389 836 tuum
401 789 495 850 supplex
506 787 641 834 Alamannia
652 803 742 836 nomen.

160 857 279 904 Bastarnae
290 852 372 902 venere
383 863 472 910 truces;
489 853 552 899 venit
562 855 638 900 accola
649 853 713 900 siluae
780 859 838 915 450,

162 922 285 969 Bructerus
298 919 435 980 Hercyniae:
454 918 551 978 latisque
560 918 675 979 paludibus
687 919 734 966 exit
806 930 811 941 ¹

164 986 276 1037 cimbrus,
289 991 313 1030 et
324 984 427 1044 ingentes
440 983 508 1029 Albin
519 981 604 1042 liqudre
616 982 732 1030 Cherusci.

163 1050 255 1112 Accipit
265 1049 302 1096 ille
313 1063 390 1110 preces
401 1048 480 1099 varias,
493 1049 599 1108 tardeque
610 1055 702 1109 rogatus

164 1116 267 1171 Annum
285 1120 308 1160 et
319 1127 402 1174 magno
412 1127 490 1174 pacem
501 1128 543 1173 pro
554 1127 647 1158 munere
657 1113 733 1160 donat

165 1180 292 1227 Nobilitant
302 1185 390 1224 veteres
402 1177 538 1224 Germanica
547 1176 634 1223 foedera
644 1177 742 1232 Drusos,
785 1183 837 1231 455

166 1245 244 1293 Marte
255 1243 294 1290 sed
305 1243 401 1304 ancipiti,
415 1242 454 1288 sed
464 1243 541 1288 multis
552 1241 649 1288 cladibus
660 1252 727 1290 emta.

168 1310 228 1364 Quis
239 1309 323 1354 uictum
335 1306 437 1352 meminit
448 1305 495 1352 soli
504 1306 625 1352 fonnidine
635 1306 760 1354 Rhenum?
833 1355 836 1360 ,

169 1373 238 1428 Quod
247 1373 324 1434 longis
335 1372 372 1418 alii
381 1372 444 1417 bellis
454 1369 550 1432 potuere
561 1371 648 1426 mereri,

170 1439 226 1487 Hoc
236 1438 275 1485 tibi
286 1437 324 1483 dat
336 1437 465 1484 Stilichonis
475 1437 526 1482 iter.
542 1434 599 1482 Post
610 1436 656 1483 otia
668 1436 729 1484 Galli

170 1504 268 1556 Limitis,
280 1502 376 1548 hortaris
387 1502 468 1549 Graias
477 1501 557 1548 fulcire
567 1502 658 1549 ruinas:
790 1508 840 1568 460

171 1567 263 1616 Ionium
274 1567 358 1629 tegitur
369 1568 431 1623 velis,
443 1567 552 1626 ventique
560 1567 662 1612 laborant
836 1625 839 1630 Ι

82 1649 87 1656 “
172 1635 220 1682 Tot
231 1633 324 1680 curvare
335 1633 409 1679 sinus:
430 1639 601 1692 servaturasque
612 1629 748 1683 Corinthum
836 1645 840 1657 ¹

173 1695 320 1758 Prosequitur
329 1697 388 1743 sacili
400 1695 522 1758 Neptunus
532 1697 624 1758 gurgite
634 1697 724 1744 classes.
835 1693 839 1708 '

174 1765 208 1813 Et
219 1779 282 1825 puer,
295 1759 410 1807 lstlrmiaci
417 1763 465 1821 jam
475 1761 562 1822 pridem
572 1762 645 1807 litoris
655 1764 727 1819 exsul,

174 1826 259 1892 Securis
269 1827 349 1888 repetit
358 1833 437 1887 portus
448 1841 500 1872 cum
511 1833 590 1880 matre,
599 1825 723 1873 Palaemon.
793 1833 840 1905 4⁶}

175 1893 281 1942 Plaustra
291 1906 370 1937 cruore
381 1897 471 1938 natant:
491 1891 584 1937 metitur
592 1891 792 1954 pallitajuveutus.

175 1958 234 2007 Pars
245 1958 329 2010 morbo,
341 1971 456 2018 persensa
466 1956 531 2018 perit.
550 1955 606 2002 Non
616 1956 687 2003 lustra
699 1956 778 2018 Lycei,
837 1977 840 1982 ·

176 2023 233 2072 Non
244 2021 406 2082 Erymantheae
412 2021 460 2083 jam
472 2021 536 2082 copia
547 2021 629 2066 sufficit
639 2023 732 2077 umbrae,
772 2025 777 2040 ²
838 2071 843 2080 ι
933 2000 934 2055 i

177 2087 306 2136 Innumeris
317 2092 397 2132 exusta
408 2087 482 2146 rogis:
502 2085 628 2145 nudataque
636 2085 698 2132 ferro
933 2124 934 2133 ,

179 2155 217 2202 Sic
228 2148 336 2213 flagrisse
346 2165 397 2197 suas
407 2150 513 2197 laetantur
524 2150 625 2197 Maenala
635 2151 710 2198 silvas.
797 2157 844 2204 470
933 2144 934 2169 ³

178 2219 289 2267 Excutiat
299 2215 384 2261 cineres
391 2215 504 2276 ·Ephyre;
523 2215 646 2277 Spartanus
657 2224 680 2262 et
691 2216 766 2264 Areas
833 2219 837 2224 ’
854 2209 859 2217 ’
933 2210 934 2219 ’

179 2281 263 2330 Tutior
273 2295 399 2342 exsangues
409 2281 502 2342 pedibus
510 2281 627 2342 proculcet
636 2296 738 2328 acervos.
838 2304 842 2309 ·

181 2343 295 2407 Fessaque
305 2346 403 2407 pensatis
414 2346 507 2407 respiret
518 2345 609 2392 Graeeia
617 2347 706 2408 poenis:
764 2386 766 2389 .

183 2413 255 2465 Gens,
267 2409 368 2473 quinon
381 2411 500 2472 Scythicos
511 2408 667 2458 diffirsiorulla
677 2408 776 2461 Triones
835 2428 842 2439 ”

180 2476 287 2529 Inuoluit,
300 2476 348 2539 (oui
358 2489 441 2539 pervus
452 2475 534 2530 Athos,
544 2483 685 2538 angustaque
692 2475 788 2536 Thrace,
800 2483 846 2532 475
870 2499 875 2507 ’

183 2541 243 2590 Cum
254 2540 365 2596 transiret,
378 2539 437 2601 erat)
448 2557 489 2603 per
499 2550 529 2594 te,
540 2541 644 2602 viresque
654 2551 745 2591 tuorum

183 2605 266 2654 Fracto
276 2605 373 2666 ducum;
389 2607 498 2670 lugetque
509 2605 549 2654 sibi
555 2607 604 2668 jam
616 2607 666 2655 rara
676 2617 796 2671 superstes.
837 2625 846 2638 ·
