1892 2892
227 37 368 132 annos.
381 75 613 130 recensens
628 75 648 126 1.
728 15 775 122 ssi

97 205 137 252 Sic
145 205 228 254 cecinit
238 207 346 270 longeva
354 206 459 256 Themis.
477 206 556 260 Nunc,
568 213 641 254 matre
652 203 745 259 remoti.

97 270 156 316 Rern
166 273 244 334 peragi
255 279 352 334 tempus.
372 272 442 320 Fines
450 273 533 321 invade
542 272 644 324 Sicanos,

97 333 132 381 Et
140 334 232 384 Cereris
242 338 328 398 prolem
338 338 421 400 patulis
431 338 525 385 illudere
535 337 628 398 campis,

96 397 202 448 Crastina
213 402 320 464 puniceos
327 417 380 450 cum
391 403 432 450 lux
442 402 552 450 detexerit
562 410 634 455 ortus,
721 402 771 446 220

97 462 171 527 coge,
181 467 227 512 tuis
236 476 322 518 armata
332 467 405 526 dolis;
421 468 502 528 quibus
511 482 575 514 urere
586 472 675 519 cuncta,

98 530 142 578 Me
152 546 243 593 quoque
251 548 319 594 caepe,
329 533 397 580 soles.
409 530 458 580 Cur
467 533 546 579 ultima
557 546 628 592 regna
639 528 775 591 quiescunt?

97 593 170 642 Nulla
181 596 211 643 sit
220 597 328 644 immunis
338 599 409 660 regio,
420 599 552 658 nullumque
563 597 604 642 sub
615 594 700 642 umbris

99 658 185 707 Pectus
195 662 338 711 inaccensum
350 661 443 710 Veneri.
461 661 514 710 Jam
527 661 597 709 tristis
608 660 711 721 Erinnys

99 725 188 774 Sentist
198 725 300 774 ardoresc
320 728 434 782 Acheron,
445 727 553 788 Ditisque
564 726 636 772 severi
726 724 774 771 225

100 788 184 838 Ferrea
190 791 280 838 lascivis
292 793 425 840 mollescunt
435 793 503 839 corda
513 789 629 854 sagittis.”

133 854 253 903 Accelerat
263 867 377 920 praeceptc
384 858 483 914 Venns;
492 858 605 918 jussuque
614 853 722 917 parentis,

101 917 184 976 Polias,
196 929 221 968 et
228 919 312 972 inflexo
323 937 375 982 quae
386 930 456 969 terret
467 921 571 968 Maenala
581 935 660 975 cornu,

100 983 197 1033 Addunt
206 988 339 1034 secomites.
357 987 447 1034 Divino
457 987 538 1034 semita
548 1001 629 1048 gressu

101 1048 205 1098 claruit:
224 1052 344 1114 augurium
354 1054 426 1113 qualis
436 1052 524 1104 laturus
535 1052 638 1112 iniquum
726 1051 789 1096 2801

101 1113 195 1178 Praepes
207 1117 331 1178 sanguineo
341 1118 446 1164 dilabitur
455 1118 510 1179 igne
521 1125 628 1170 cometes,

100 1177 231 1242 Prodigiale
242 1182 339 1229 nubens:
359 1197 405 1229 non
415 1183 480 1229 ilium
491 1182 569 1229 navita
580 1190 638 1234 tuto,

100 1243 158 1290 Non
169 1246 261 1308 impunc
269 1246 346 1294 vident
356 1248 448 1309 populis
467 1247 508 1296 sed
518 1247 580 1294 crine
590 1245 672 1292 minaci

101 1307 202 1357 Nuntiat
212 1319 252 1368 aut
263 1313 347 1360 ratibus
358 1321 447 1366 ventos,
458 1319 500 1359 cut
509 1312 598 1359 urbibus
609 1312 693 1356 bostes.

132 1373 256 1423 Dcvendre
263 1376 347 1432 locum,
357 1375 449 1426 Cereris
458 1393 504 1438 quo
516 1383 576 1424 tecta
586 1373 719 1439 [nitebant]
728 1374 776 1420 235

101 1436 229 1503 Cyclopum
240 1441 328 1490 firmata
338 1459 421 1491 manu:
440 1449 502 1490 stant
510 1442 580 1489 ardua
589 1439 650 1487 ferro

100 1505 207 1556 Monta:
226 1505 303 1554 ferrati
311 1515 402 1570 postest
421 1509 575 1568 immsaque
583 1505 654 1551 nectit

102 1567 211 1630 Claustra
219 1571 319 1634 chalybs.
339 1572 436 1620 Nullum
447 1580 511 1620 tanto
523 1571 604 1618 sudore
615 1569 753 1630 Pyracmon,
787 1605 790 1615 .

99 1634 153 1682 Nec
165 1636 279 1700 Steropes,
292 1639 420 1686 construxit
427 1655 498 1700 opus:
517 1652 560 1683 nec
570 1635 651 1682 talibus
662 1648 761 1694 unquam

100 1699 221 1762 Spiravere
232 1701 302 1750 Notis
309 1703 410 1761 animm
425 1719 469 1750 nec
480 1702 573 1750 flumine
584 1707 648 1746 tanto
729 1699 778 1744 240

99 1763 221 1812 Incoctum
230 1766 317 1816 maduit
327 1767 387 1816 nest
396 1768 488 1816 fornace
498 1767 622 1814 metallum.

100 1829 169 1883 Asis
179 1832 249 1890 vestit
260 1834 328 1880 ebur:
349 1834 447 1882 trabibus
458 1833 566 1880 solidatur
577 1829 640 1878 ainis

101 1893 217 1953 culmem
234 1904 260 1943 et
268 1897 293 1945 in
303 1899 375 1946 celsas
386 1906 484 1960 surgunt
495 1898 577 1944 eiectro
588 1895 712 1942 columnas.

99 1957 155 2023 Ipso
166 1961 260 2013 domum
271 1970 350 2011 tenero
358 1965 462 2011 mulcens
472 1961 609 2023 Proserpina
619 1965 688 2007 cantu

99 2025 170 2073 Irrita
180 2028 271 2073 texebat
280 2029 385 2076 redituras
395 2043 490 2076 munera
500 2027 575 2074 matri.
730 2023 789 2070 245·

99 2090 151 2137 Hic
163 2091 328 2140 elementorum
338 2095 427 2148 seriem,
439 2094 548 2154 sedesque
556 2099 667 2154 paternas

99 2155 232 2218 insignibat
241 2173 300 2204 scut
318 2166 418 2206 veterem
429 2156 474 2220 qud
484 2159 536 2220 lege
547 2156 669 2204 tumultum

98 2221 221 2269 Discrevit
232 2220 323 2272 Natura
331 2239 426 2287 putens,⁴
433 2231 458 2271 et
466 2223 553 2270 semina
559 2221 629 2284 justis

99 2283 239 2334 Discessere
249 2287 321 2334 locis:
340 2287 446 2350 quidquid
456 2289 514 2342 leve,
526 2287 597 2334 fertur
607 2286 631 2330 in
642 2286 711 2332 citum
721 2300 727 2328 z

102 2349 131 2398 ln
144 2351 245 2398 medium
255 2353 361 2414 graviora
371 2354 468 2400 cadunt:
487 2351 602 2398 incanduit
610 2351 696 2397 aether:
732 2349 781 2394 250

102 2415 162 2478 Egit
171 2413 263 2463 flammo
273 2417 350 2479 poium
359 2436 365 2464 z
385 2417 451 2464 fluxit
460 2432 537 2465 marc:
557 2423 616 2462 terra
625 2413 738 2476 pependit.

101 2478 158 2528 Nec
166 2481 229 2526 color
241 2497 301 2528 unus
311 2482 386 2529 inest:
405 2482 481 2528 stellas
492 2480 594 2528 accendit
603 2480 627 2525 in
638 2495 708 2536 auro;

103 2543 178 2592 Ostro
188 2544 264 2592 fundit
275 2561 359 2606 aquas;
375 2545 458 2592 attollit
466 2547 534 2592 litora
543 2543 647 2606 gemmis,

104 2607 204 2674 Frbsquc
215 2611 323 2660 mentitos
331 2607 437 2674 [jamjam
449 2608 564 2672 celantia]
575 2607 658 2655 fluctus
