1892 2892
184 72 200 113 2
277 66 342 114 ’ΒΕ
359 66 518 120 PROB..ET
535 67 633 117 OLYB.
649 69 745 119 CONS·

186 195 285 250 Floreat,
297 203 320 242 et
331 197 392 243 claro
404 197 508 259 cingatur
519 197 595 246 Roma
606 207 692 253 senatu,

184 261 216 308 Se
223 262 311 323 jactare¹
318 276 408 324 parem:
428 263 475 316 sed,
487 261 560 324 primi
570 264 623 310 sede
634 263 710 310 relicti
824 269 856 310 20

185 325 318 380 Auobeniis,
330 326 416 388 dejure
426 327 478 373 licet
489 335 575 374 certare
585 329 691 375 secundo.
921 326 922 369 l

187 389 258 437 Haud
269 406 333 436 secus
345 406 377 444 ac,
390 391 481 438 tacitam
493 390 560 438 Lunai
571 401 680 454 regnante
690 409 731 455 per
742 393 839 447 Arcton,
921 374 922 403 ¹

187 456 285 501 Sidereae
296 455 378 501 cedunt
388 456 455 509 acies,
468 472 528 510 eum,
540 457 609 504 tratre
620 464 704 511 retuso,

186 519 294 566 AEmulus
305 520 403 566 adversis
415 519 544 582 flagrauerit
554 522 644 583 ignibus
655 523 721 569 orbis.

185 584 252 631 Tunc
259 586 326 648 jubar
337 583 430 631 Arcturi
439 586 547 648 languet:
566 593 621 632 tunc
630 587 693 634 salva
704 587 790 634 Leonis
822 590 857 634 25
903 610 905 612 r

185 648 223 696 Ira
233 651 303 712 perit:
324 648 429 696 Plaustro
434 652 484 712 Jam
497 665 546 696 rara
555 651 682 698 intermicat
693 651 785 705 Arctos,

184 713 305 776 Indignata
317 715 378 778 tegi;
391 715 447 777 jare,
459 715 607 776 caligantibus
617 717 692 771 armis,

184 779 273 827 Debilis
285 779 356 826 Orion
368 780 469 826 dextram
481 779 575 825 miratur
585 781 701 828 inermem.

178 844 261 898 Quem
272 845 334 906 prius
345 843 482 906 aggrediar?
499 846 581 890 ueteris
592 846 642 905 quis
652 846 712 892 iacta
723 845 816 892 Probini

184 909 296 956 Nesciat?
314 916 353 956 aut
363 910 443 956 nimias
453 909 531 956 laudes
542 909 631 970 ignoret
643 908 743 971 Olybrii
820 914 856 957 80

185 975 251 1021 Vivit
261 975 341 1022 adhuc.
354 974 496 1034 completque
506 975 571 1036 vagis
583 977 721 1030 sermonibus
732 991 805 1030 aures,

185 1039 266 1087 Gloria
275 1038 326 1084 fusa
337 1037 413 1090 Probi,
425 1053 492 1098 quarn
504 1053 546 1085 nec
556 1047 652 1086 ventura
663 1041 759 1086 silebunt

185 1103 276 1154 Lustra,
290 1118 331 1148 nee
342 1099 420 1164 ignoti
432 1103 502 1164 rapiet
514 1105 554 1149 sub
566 1105 625 1150 nube
635 1111 743 1151 vetustas.

185 1164 253 1214 Illum
264 1167 325 1213 fama
335 1168 396 1213 vebit
408 1175 469 1214 trans
481 1184 578 1229 aequora,
591 1176 698 1230 transque
709 1177 806 1216 remotas

185 1232 289 1293 Tethyos
300 1233 413 1294 ambages,
427 1232 592 1293 Atlanteosque
602 1250 711 1280 recessus.
822 1239 856 1282 85

185 1298 265 1344 Audiit
276 1305 305 1350 et,
318 1297 393 1358 gelido
405 1297 501 1357 siquem
513 1297 610 1344 Maeotia
619 1299 690 1360 pascit

187 1363 234 1409 Sub
244 1362 311 1416 Jove,
324 1361 361 1414 vel
371 1361 442 1408 calido
454 1362 472 1407 si
484 1361 534 1422 quis
546 1359 702 1427 [conjunctus]
715 1364 737 1409 in
748 1379 791 1410 axe

185 1428 325 1475 Nascentem
337 1434 366 1479 te,
380 1425 441 1479 Nile,
453 1427 516 1472 bibit.
535 1426 663 1474 Virtutibus
673 1429 711 1475 ille
920 1476 921 1483 χ

184 1493 310 1540 Fortunam
321 1492 423 1548 domuit';
440 1506 600 1552 nunquamque
609 1490 735 1539 levantibus
746 1493 791 1539 alte

186 1558 299 1604 Intumuit
310 1558 390 1614 rebus3
408 1557 447 1604 sed
458 1571 530 1609 mens,
543 1557 673 1604 circumflua
682 1559 745 1610 luxu,
823 1563 859 1605 40

185 1622 289 1670 Noverat
300 1623 408 1668 intactum
419 1622 476 1668 vitio
487 1637 576 1668 servare
587 1623 692 1683 rigorem.

186 1687 235 1734 Hic
247 1702 292 1732 narn
303 1687 391 1733 ‹livitias
401 1685 541 1748 nigrantibus
552 1686 634 1732 abdidit
645 1687 729 1744 antris;

186 1751 239 1798 Nec
249 1752 346 1798 tenebris
357 1750 471 1796 damnamt
482 1765 549 1811 opes:
570 1751 616 1805 sed,
627 1752 712 1814 largior
723 1752 801 1805 imbre,

187 1819 296 1864 Sareverat
307 1815 435 1860 innumeras
446 1815 562 1860 bominum
574 1816 645 1862 ditare
656 1824 764 1863 catervas.
821 1836 824 1843 ¹

186 1882 284 1943 Quippe,
296 1880 358 1926 velut
369 1879 458 1932 densos,
470 1880 583 1926 currentia
592 1895 693 1934 manera,
706 1883 801 1933 nimbos,
824 1886 858 1930 45

186 1945 286 1994 Cernere
297 1951 455 2005 sempeterni:
475 1945 563 2005 populls
573 1945 658 1992 undare
667 1954 775 2008 prenstes3

185 2011 297 2058 Assiduus
308 2011 391 2056 intrare
402 2009 487 2070 inopes,
501 2025 600 2056 remeare
609 2011 694 2057 beatos.

178 2074 292 2136 'Haeceps
303 2075 340 2120 illa
350 2089 431 2120 manus
441 2073 524 2120 fluvios
534 2077 651 2136 superabat
663 2074 747 2128 Iberos,

185 2141 263 2188 Aurea
274 2140 333 2186 dona
342 2153 445 2185 uomens.
467 2139 506 2185 Sic
515 2139 574 2199 quis,
586 2139 666 2186 tellure
677 2138 772 2193 revulsi,

187 2205 293 2253 Sollicitis
303 2203 391 2250 fodiens
403 2204 496 2249 rimatur
506 2204 600 2250 eollibus
611 2219 704 2250 aarum:
736 2207 738 2211 ’
824 2209 860 2253 50
917 2226 918 2235 ¹

188 2270 305 2323 Quantum
317 2275 398 2329 stagna
408 2267 475 2330 Tagi,
488 2268 578 2314 rudibus
590 2269 695 2317 stillantia
704 2270 776 2323 aenis,

187 2331 306 2382 Effluxdre
316 2333 398 2379 decus:
417 2338 503 2392 quanto
512 2332 611 2394 pretiosa
620 2334 710 2379 metallo

188 2397 271 2444 Hermi
282 2397 329 2458 ripa
340 2397 422 2442 micat:
442 2403 537 2456 quantas
547 2408 587 2456 per
600 2395 672 2456 Lydia
683 2398 743 2444 culta

187 2463 316 2522 Despumst
328 2461 404 2508 rutilas
415 2460 479 2506 dives
490 2459 597 2506 Pactolus
608 2475 694 2507 arenas.

186 2525 250 2578 Non,
262 2526 317 2571 mibi
328 2525 428 2571 centenis
440 2531 546 2570 resonent
557 2525 575 2569 si
587 2525 679 2570 vocibus
690 2541 736 2578 ora,
824 2534 858 2578 55

187 2589 360 2649 Multitidusque
371 2595 419 2636 ruat
431 2595 521 2635 centum
533 2603 573 2650 per
583 2596 674 2649 pectora
685 2589 793 2644 Phoebus,
