1892 2892
165 69 214 116 202
313 65 363 116 DE
379 64 426 118 Vl.
441 65 537 120 CONS.
553 65 686 126 BONOR-

163 200 228 248 Rore
238 200 275 263 pio
286 213 400 263 mergens.
411 207 437 250 et
445 201 495 250 dim
502 201 633 264 fugooflbus
642 199 716 248 berbin
784 201 835 247 827

165 263 280 324 Numins3
294 265 454 328 purificumque
462 265 480 314 J
481 281 547 313 ovem
557 265 704 326 Triviamque
713 271 827 326 precatus,

164 328 240 376 Trsns
250 338 317 392 ceput
327 331 411 377 eversis
421 331 523 378 menibus
527 331 641 392 jacsslotur
650 330 675 376 in
685 332 804 381 nusmm,

166 394 249 442 Secum
260 402 361 457 rapturus
371 404 459 443 enntete
468 395 562 457 pistule.
574 395 653 442 taedas.
786 397 837 440 880

198 459 280 506 Acrior
290 460 374 508 interes
385 461 470 506 visendi
480 460 585 522 principis
596 459 662 506 ardor
743 487 747 494 ·

166 522 278 571 Accendit
288 539 339 572 cum
351 525 414 586 plebe
425 525 506 572 Patres
512 542 521 582 ς
534 533 558 572 et
568 539 629 586 sepe
639 528 746 584 negatum

167 587 266 651 Flagitat
276 590 404 648 qdventum.
420 589 471 636 Nec
482 589 520 635 teli
530 589 619 651 publica
627 596 682 635 vota

167 652 286 702 consensu
298 654 388 700 tradunt
399 655 458 700 atavi
468 653 563 701 columae
572 670 612 716 per
623 653 718 705 Urbem,

166 716 255 766 Decies
263 719 395 780 bellipotens
406 733 457 765 oum
467 718 567 780 fregerat
578 718 660 781 Ulpius
670 731 740 772 arma,
787 719 836 764 3³5

166 783 244 844 Atque
254 783 396 845 indignantes
406 784 490 846 injure
499 783 616 845 redegerat
627 782 711 830 Arctos
717 798 726 840 ;

167 845 229 897 Cum
239 847 311 896 sssces
321 845 412 894 cinxere
424 847 548 910 Hypsnim
560 848 685 908 minutoque
694 847 757 910 leges
767 859 774 866 ·

166 911 296 960 Romanum
309 913 393 974 stupuit
405 913 500 959 Maeotis
511 921 570 959 terra
580 912 683 959 tribunal.

166 975 219 1024 Nec
229 978 297 1024 motis
307 978 385 1038 patrie
396 977 474 1024 studiis
484 978 513 1024 nd
523 976 606 1038 temple
615 984 709 1023 vocatus

167 1040 282 1093 Clemens,
291 1041 378 1094 Marce,
386 1041 456 1098 redis;
467 1057 519 1088 cnm
526 1043 630 1102 gentibm
637 1041 734 1102 undique
740 1039 836 1087 cinctum

167 1103 240 1154 Exuit
251 1104 384 1166 Hesperium
395 1106 483 1166 paribus
495 1105 596 1154 Fortuna
605 1106 701 1168 periclis.
786 1110 838 1151 840

167 1168 230 1216 Laus
238 1170 267 1216 ibi
275 1169 336 1216 nulls
342 1169 436 1216 ducum:
452 1185 504 1217 nam
512 1171 631 1218 flammeus
639 1171 709 1217 imber
716 1170 740 1215 in
747 1170 838 1216 hostem

167 1232 274 1285 Decidit:
293 1235 353 1280 hunc
364 1235 430 1282 dorso
441 1234 551 1297 trepidum
561 1235 661 1282 sumente
671 1235 755 1282 ferebat

166 1298 293 1346 Ambustus
304 1299 406 1361 sonipes:
425 1300 461 1346 hie
472 1302 599 1347 tabescente
609 1301 697 1347 solutus

168 1363 267 1410 Subsidit
277 1361 348 1425 galei,
359 1364 521 1425 liquefactaque
530 1364 620 1427 fulgure
630 1365 705 1426 cuspis
787 1365 839 1410 ssd
939 1389 941 1401 ε

168 1426 273 1482 Candnit,
286 1436 309 1475 et
319 1429 397 1477 subitis
408 1427 495 1476 fluxere
504 1430 622 1491 vaporibus
632 1445 705 1476 enses.

166 1493 236 1547 Tum,
248 1500 354 1541 contenta
363 1493 423 1555 polo,
435 1493 535 1540 mortalis
545 1494 621 1541 nescia
630 1494 669 1540 teli
789 1489 793 1496 ’

168 1557 251 1620 Pugno
260 1557 311 1604 suia
330 1556 437 1606 Cbnldaea
447 1574 515 1620 mogo
525 1575 566 1605 seu
576 1559 675 1605 earmina
685 1557 729 1604 ritu

167 1619 294 1671 Ammvire
305 1621 386 1680 Deos3
402 1638 442 1670 seu
454 1624 526 1686 (quod
537 1622 598 1684 reor)
611 1638 679 1669 omne
687 1619 801 1669 Tonantio

167 1687 306 1748 Obsequium
318 1687 392 1734 Murci
403 1702 477 1734 mores
487 1685 581 1748 potuere
590 1688 678 1734 mereri.

167 1750 237 1798 Nunc
248 1766 335 1812 quoque
346 1753 472 1812 praesidium
485 1752 552 1799 Latio
563 1767 609 1798 non
620 1753 707 1799 deesset
718 1749 819 1814 Olympi.

168 1815 283 1863 Deficeret
294 1817 313 1862 si
325 1823 402 1863 nostra
411 1831 504 1863 manus:
524 1817 564 1864 sed
574 1817 680 1879 providus
691 1816 761 1864 aetber

167 1879 250 1930 Noluit
261 1881 358 1927 humano
369 1881 446 1928 titulos
456 1881 544 1928 auferre
553 1882 637 1940 lebori3

167 1943 208 1991 Ne
218 1945 257 1990 tibi
263 1946 319 2007 jam,
330 1944 441 2006 princeps,
453 1946 525 1992 soceri
536 1945 617 1992 sudore
626 1952 733 2008 perstem,

168 2007 245 2062 Quem
255 2009 336 2056 meruit
346 2009 425 2063 virtus,
436 2011 546 2057 ambirent
555 2008 650 2058 fulmina
658 2011 755 2057 laurum.
788 2009 841 2056 ³55

166 2073 220 2123 Jam
230 2073 297 2120 toties
307 2071 369 2120 missi
380 2089 483 2135 proceres
494 2090 600 2136 response
609 2061 711 2122 mirandi

167 2137 319 2191 Rettulersut,
332 2138 409 2192 donec,
422 2137 505 2185 differri
515 2139 604 2201 lougius
615 2140 674 2186 orbis

169 2201 309 2250 Communes
318 2216 365 2248 non
376 2217 440 2264 pesse
450 2219 535 2264 preces,
548 2204 696 2266 penetralibus
706 2201 756 2250 eltis

167 2265 276 2313 Prosiluit
282 2282 291 2322 3
307 2266 426 2328 vultusque
436 2268 509 2329 palam
520 2268 623 2316 confessa
632 2282 746 2322 coruscos,

168 2328 262 2390 Impulit
273 2330 321 2391 ipse
332 2331 377 2377 suis
388 2339 531 2379 cunctantem
541 2333 619 2379 Roma
628 2333 736 2394 querelis:
788 2335 841 2380 860

202 2400 216 2421 ‘¹
225 2391 374 2442 Dissimulate
383 2396 421 2441 diu
432 2397 508 2442 tristes
517 2398 542 2442 in
551 2413 628 2444 amore
638 2397 738 2458 repulsu

94 2455 99 2462 '
167 2454 252 2503 Vestro
260 2471 348 2566 mm,
363 2458 478 2522 Auguste,
491 2475 582 2523 queror.
602 2461 710 2516 oisonem
721 2475 794 2522 usque
805 2468 841 2510 te-

305 2528 323 2566 st

165 2579 337 2634 Prasmon
347 2592 403 2634 voto
410 2585 502 2652 limus?
517 2590 657 2654 totitemque
666 2587 794 2654 propinqus
