1892 2892
17 297 20 376 i

285 67 326 119 IN
342 70 512 125 nummu
529 73 615 123 nnn
768 79 800 127 19

112 203 181 257 Quos
191 210 268 252 tamen
278 204 405 268 impavidus
413 212 493 254 eontra
501 204 626 267 rprmmtir
633 203 662 252 ud
670 202 745 252 Hebri

110 267 201 315 Tendis
210 284 289 330 squar,
298 271 331 317 sio
339 278 393 318 unte
400 272 466 318 tubos
472 271 604 332 ferrumque
610 276 727 331 precantur

112 339 129 362 ¹⁴
139 333 247 388 Mavors,
257 334 359 382 nubifero
367 351 408 383 seu
416 343 442 382 tn
449 335 579 398 procumbis
587 335 610 380 in
619 333 714 391 Haeuro,

114 398 195 446 Sento
203 399 322 462 oonsgeln
330 399 451 463 Rhodope,
461 415 502 447 seu
511 399 678 462 remigeMedo
744 403 794 447 885

114 463 257 510 Sollicitatur
266 463 348 518 Athos,
359 479 399 512 reu
408 465 529 527 caligantia
536 465 608 527 nigris

114 526 209 576 Ifioibus
218 526 321 590 Pnngaea
329 536 415 583 tenent,
425 533 545 592 recingere
552 545 649 585 mecum,

13 630 15 652 ,
115 591 431 642 EtThruossdeiendetuos.
452 594 624 643 Siiaetiorsdsit

13 657 14 660 ’
116 658 205 712 Gloria,
215 656 298 706 vestiti
306 657 619 722 spoliisdonnberequercu.”

150 722 230 770 Audiit
237 722 277 770 illu
284 730 355 785 puter,
365 723 509 786 scopulisque
516 724 625 770 nivalibus
634 721 715 770 Haenri
745 726 796 770 ³40

117 788 204 850 Surgit,
216 795 240 835 et
250 789 354 837 hortatur
364 789 449 836 oeleres
459 789 558 849 elsrnore
568 788 691 835 ministros.

117 851 187 900 ‘orer
195 853 293 916 guisum,
302 852 406 908 Bellona,
415 853 479 908 mihi,
488 868 605 914 nexusque
613 861 712 900 rotarum

116 917 204 973 Tende,
215 916 303 966 Pavor:
317 917 385 967 freno
391 919 487 981 rapidos,
497 917 613 975 Formido,
620 918 718 981 jugules.

116 982 222 1031 Festinus
230 990 312 1046 urgete
318 998 410 1030 monus:
424 998 490 1031 meus
497 999 551 1030 erre
558 990 648 1045 paratur

115 1047 156 1095 Ad
162 1048 244 1095 bellum
255 1047 372 1104 Stilichon,
381 1047 419 1110 qui
428 1063 465 1096 me
473 1049 502 1095 de
509 1063 574 1095 more
580 1048 672 1110 tropaeir
743 1049 792 1094 845

115 1112 190 1167 Diui,
202 1121 225 1160 et
233 1113 327 1160 hostiles
335 1113 452 1175 suspendit
458 1113 483 1160 in
491 1114 570 1160 arbore
577 1113 664 1160 cristas.

117 1175 258 1226 Communes
266 1193 355 1240 semper
362 1177 420 1232 litui,
429 1177 559 1225 communis
566 1178 630 1224 nobis

117 1241 188 1305 signa
195 1250 293 1300 canunt5
301 1244 428 1305 junctoque
435 1258 518 1304 sequor
527 1241 623 1290 tentoria
631 1240 725 1288 curru.”

149 1307 187 1356 Sic
194 1307 255 1354 istus
262 1323 343 1369 cntnpo
352 1308 444 1362 insiluit,
454 1308 543 1369 lutoque
550 1308 640 1371 fugatus

116 1372 180 1419 Hinc
189 1373 300 1420 Stilichon
309 1380 401 1427 turmas,
411 1373 472 1420 illinc
482 1373 604 1426 Gradivus,
613 1373 718 1434 agebant,
740 1373 791 1418 350

114 1437 149 1486 Et
157 1437 242 1500 clypeis
250 1445 273 1484 et
281 1437 425 1500 rnoiepnres:
440 1445 485 1484 stat
493 1438 561 1485 cussis
571 1437 658 1499 utrique

115 1503 213 1550 Sidereis
221 1502 308 1549 hirsuto
313 1503 388 1566 jubis,
401 1502 516 1563 loricaque
523 1517 591 1550 cursu

114 1568 216 1622 AEstust,
225 1574 249 1614 et
256 1567 321 1630 lorge
330 1568 423 1614 satiatur
430 1568 525 1615 vulnere
532 1581 622 1614 cornus.

148 1633 230 1680 Acrior
236 1633 324 1680 interes
331 1640 393 1686 roto,
403 1633 520 1693 multoque
528 1631 635 1694 Megaeru

114 1696 242 1746 Luxuriutu
248 1697 316 1750 mulo,
326 1704 430 1744 moertam
439 1697 557 1760 deprendit
564 1697 588 1742 in
595 1710 648 1743 arce
739 1696 788 1742 355

115 1761 238 1816 Jurtitism,
249 1762 343 1823 diroque
350 1763 412 1824 prior
420 1762 452 1808 sio
460 1778 500 1810 ore
508 1761 607 1808 lucessit:

116 1834 134 1858 ⁴⁶
143 1827 190 1881 En,
199 1827 238 1874 tibi
245 1827 320 1889 prisca
327 1827 398 1888 quies,
408 1834 556 1888 revocataque
563 1825 647 1877 saecuia
654 1839 738 1879 rursus,

116 1892 151 1940 Ut
160 1893 243 1947 rebare,
253 1892 345 1954 rigent:
358 1907 395 1946 en,
404 1899 482 1939 nostra
488 1891 590 1954 potentis
596 1890 675 1959 resrit3

113 1957 168 2006 Nec
175 1957 239 2004 locus
246 1964 282 2004 est
291 1972 385 2017 usquam
393 1955 477 2014 Furiis·
496 1956 553 2004 Huc
560 1956 645 2015 lumino
652 1953 729 2002 decre:

112 2021 220 2084 Adspice,
229 2021 444 2084 burbnrioisjscesnt
452 2030 508 2082 quot
515 2022 600 2068 moenis
607 2020 716 2078 flammis;
740 2023 789 2066 860

114 2086 179 2142 Qunr
188 2086 242 2133 mihi
251 2085 350 2134 Rufinus
357 2093 453 2150 strages,
462 2093 616 2147 quantumque
623 2086 710 2132 cruoris

112 2151 224 2205 Praebent,
234 2159 259 2198 et
266 2151 355 2211 quantis
363 2151 483 2214 epulentur
490 2150 588 2198 caedrirns
595 2150 668 2211 hydri.

110 2215 202 2278 Linque
210 2217 321 2270 homines,
332 2225 460 2278 sortemque
467 2229 553 2264 meum:
569 2223 621 2278 pete
629 2214 711 2261 sidem:
728 2215 788 2262 notis

110 2280 238 2329 Auctumni
248 2288 271 2328 te
280 2280 435 2344 reddeplugis,
444 2277 490 2342 qui
497 2282 571 2343 vergit
580 2282 603 2326 in
612 2283 725 2326 Austrum

110 2346 222 2409 Signifer:
237 2345 319 2393 aestivo
328 2346 393 2393 sedes
401 2345 476 2394 vicina
484 2344 557 2393 Leoni
738 2348 786 2393 86⁵

109 2411 260 2473 Jampridern,
270 2410 414 2472 gerninaeqne
421 2418 504 2458 vacant
511 2409 609 2456 ooniinis
617 2407 701 2454 Librae.

107 2475 187 2537 Atque
196 2475 284 2524 utinum
293 2491 333 2537 per
341 2490 425 2538 magno
433 2475 497 2536 sequi
505 2488 607 2521 convexa
614 2470 720 2519 liceret!''

139 2541 205 2590 Diva
212 2539 293 2588 refert:
309 2547 325 2570 ⁴⁶
335 2539 390 2586 Non
399 2541 494 2588 ulterius
500 2539 642 2590 bacchabere,
652 2537 750 2583 demens.

2 2670 4 2675 Α
106 2606 161 2657 anr
170 2621 251 2670 poenss
260 2613 313 2654 tuus
321 2606 365 2654 iste
373 2606 444 2654 dabit:
455 2607 503 2668 jorn
513 2603 600 2652 debitus
609 2603 668 2649 ultor
