1892 2892
161 39 309 110 ruenni„
323 39 419 91 coris.
433 39 583 95 crunon.
596 39 651 88 ω
661 37 696 88 n
718 41 773 88 rso-

97 169 225 226 Plsusrbus,
237 171 319 220 rurntir
329 171 441 220 celebrant
451 171 504 218 hinc
514 186 555 219 ors
563 169 649 234 figuris.
716 169 775 217 175'

98 237 158 292 Qnae
169 251 216 284 non
226 236 319 284 incudes
329 237 470 297 streperent?
487 251 538 296 quae
548 234 641 284 flmms
648 240 739 283 πατεῖ

96 301 212 362 Εψήϋεῖ
227 301 315 362 quantis
325 299 422 348 fluerent
430 298 558 348 foroacrlnrs
567 315 621 355 ern,

95 365 195 428 Effigies
205 366 300 414 ductura
310 363 377 412 tussi
393 365 443 426 quis
453 365 531 412 &vius
541 372 602 412 esset
689 381 694 390 ·

96 419 214 492 Angulus,
226 437 266 478 sut
276 429 346 492 regio,
357 444 409 490 quae
419 444 466 476 nou
476 445 517 492 pro
528 429 620 476 nurnine
629 427 705 476 vultus

95 493 205 542 Dilectos
214 495 321 548 colerent,
333 494 400 542 talem
411 495 434 540 ni
445 509 534 556 snper
543 495 652 542 bonorem
717 493 768 539 180

96 558 245 621 Rcspueresi
262 559 330 606 decus
340 559 384 606 hoc
394 559 471 620 rapiat,
484 573 551 620 quern
561 558 618 606 irlsn
627 555 747 604 timentitrn
768 593 772 604 .

97 623 201 670 Munera
211 622 330 685 decipiunt,
341 623 379 684 qui
390 638 415 670 se
424 623 505 670 diffidit
514 623 592 670 umeri·

97 688 154 735 Hoc
166 687 228 734 solus
238 687 348 750 sprevisse
358 694 440 748 potest,
452 688 549 749 quijure
559 693 664 742 meretur·
770 737 774 745 ,

129 751 239 812 Undique
248 751 318 813 legati
327 759 447 813 properant
455 768 463 808 ;
480 752 603 813 generique
612 751 654 798 sub
664 764 705 797 ore

94 815 125 862 Iu
137 824 177 863 tus
187 823 294 866 centense
306 813 407 880 [optant]
418 816 532 878 praeeonis
541 830 617 868 yones.
717 814 764 860 185

97 881 182 928 Grates
194 881 276 928 Gallus
286 881 340 942 agit,
352 881 420 941 quod,
432 879 504 927 limite
514 886 577 927 tutus
586 877 674 934 inermi,

94 945 129 994 Et
139 952 245 1004 metuens
255 945 337 992 hostile
346 945 408 1001 nihil,
421 959 481 992 novs
489 945 588 992 culmino
597 944 652 991 totis

95 1009 205 1057 AEdificet
215 1009 277 1071 ripis,
287 1017 311 1058 et
321 1024 407 1056 sevum
417 1009 524 1072 gentibus
533 1024 630 1062 amnon,

94 1074 218 1136 Thybridis
228 1075 252 1123 in
263 1089 357 1128 morem,
370 1075 472 1123 domibus
482 1074 590 1136 praevdet
599 1073 708 1121 amoenis:
766 1109 770 1118 .

95 1139 160 1186 Hinc
172 1137 241 1186 Poeni
251 1139 367 1188 cumulant
375 1139 459 1192 laudes,
471 1138 534 1199 quod
543 1154 595 1186 rurs
604 1146 701 1200 tyranno
717 1139 765 1186 190

93 1203 177 1251 Libcrn
187 1203 329 1265 possidenntz
348 1203 401 1251 hinc
412 1203 526 1250 obsidione
537 1203 624 1250 solutus

93 1267 235 1322 Pannonius,
246 1275 355 1329 potorque
366 1268 427 1322 Sari,
439 1267 507 1329 quod,
519 1268 594 1316 clsuss
603 1275 638 1316 tot
647 1267 719 1322 cunis.
757 1305 764 1324 ,

94 1333 184 1396 Oppido
193 1332 273 1379 laxatis
284 1341 352 1380 ansus
358 1333 407 1394 jem
417 1333 516 1395 pondere
525 1334 604 1394 portis,
695 1343 701 1351 ⁸

93 1397 197 1444 Rursum
209 1404 260 1461 cote
270 1403 339 1443 novat
350 1397 425 1459 nigras
436 1396 538 1458 rubigine
548 1397 624 1453 olco,

93 1461 231 1521 Eresosque
240 1461 287 1508 situ
297 1461 359 1523 cogit
370 1461 486 1523 splendere
496 1462 599 1524 ligones3
714 1464 770 1515 1951

92 1526 253 1588 Agnoscitque
263 1540 333 1580 cuns,
344 1532 368 1572 et
378 1525 470 1574 collibus
480 1527 557 1573 orcirln
567 1525 627 1572 notis

93 1590 163 1652 Frgtt,
176 1597 200 1637 et
211 1591 319 1651 impresso
329 1590 401 1652 glebis
411 1606 457 1637 non
468 1590 538 1637 credit
548 1598 630 1637 aratro.

92 1654 207 1709 Exsectis,
219 1655 304 1702 inculte
314 1654 394 1702 debunt
404 1670 459 1716 ques
470 1654 560 1708 saecule
572 1654 642 1710 silvis,

92 1719 204 1768 Restituit
214 1726 291 1772 terras,
304 1725 327 1766 et
338 1734 432 1780 opacum
443 1720 525 1766 vitibus
536 1717 622 1766 Istrum

93 1783 208 1837 conserit,
221 1790 245 1830 et
254 1783 350 1846 petrium
362 1783 459 1846 vectigal
469 1784 557 1831 solvere
566 1785 658 1846 gaudet,
712 1787 762 1832 200

92 1847 205 1895 Immonis
216 1847 254 1908 qui
266 1847 328 1894 clade
337 1847 387 1894 fuit.
406 1847 442 1897 Te
453 1849 543 1910 sospite,
554 1848 589 1895 ins
598 1856 635 1896 est

91 1912 207 1960 Vexstum
218 1911 285 1958 laceri
296 1927 377 1973 corpus
382 1913 530 1974 Juvenesoere
541 1913 613 1974 regni.

91 1977 138 2024 Sub
149 1983 185 2024 tot
195 1975 330 2038 principibus
341 1991 489 2038 quoecumque
498 1977 614 2024 emisimus
624 1977 685 2034 olirn,
762 2009 766 2022 ,

91 2040 129 2089 Tu
140 2039 222 2088 reddis.
242 2040 296 2086 Solo
307 2041 389 2102 poterit
400 2041 524 2088 Stilichone
533 2043 638 2092 medente
675 2084 681 2098 ,
763 2075 766 2080 -

89 2105 207 2159 Crescere,
219 2104 350 2152 Romanum
362 2104 442 2151 vulnus
454 2112 548 2160 tecture,
560 2108 666 2156 dorma
707 2111 762 2158 205,

14 2193 20 2216 ι
89 2169 163 2232 Inque
174 2183 229 2216 suos
238 2167 295 2216 fines
306 2169 395 2216 tandem
406 2169 513 2217 redeunte
523 2171 611 2228 colono,

88 2233 188 2296 Illyricis
198 2234 280 2280 iterum
290 2233 455 2291 ditabitursuln
465 2234 560 2289 tributis.

120 2298 174 2346 Nec
184 2305 259 2344 tumen
272 2297 370 2344 humano
381 2297 439 2344 cedit
449 2298 542 2345 coeleste
552 2298 623 2346 favori

87 2362 218 2424 Judiciurnr
237 2363 332 2424 cingunt
343 2361 422 2423 Superi
433 2363 580 2413 concordibus
590 2377 661 2410 unum
758 2405 763 2413 ,

88 2426 204 2475 Praesidiis
210 2443 219 2486 ς
235 2427 356 2488 hostesque
367 2434 419 2472 tuos
429 2434 467 2473 sut
477 2427 543 2474 litore
552 2427 657 2490 produnt,
706 2433 756 2477 210

87 2492 136 2540 Aut
147 2499 222 2539 totum
233 2490 329 2554 oppositi
339 2491 447 2538 claudunt
456 2489 594 2554 fugientibus
604 2507 689 2555 equor,

83 2556 132 2606 Aut
143 2557 167 2605 in
179 2571 204 2606 se
214 2562 306 2606 vertum
316 2555 438 2614 iuriislaut
448 2555 525 2604 militis
535 2570 590 2604 ense
632 2593 637 2609 .
