1892 2892
146 90 181 135 28
307 93 347 142 m
363 95 534 148 sumnum
550 98 605 148 Lrs.
620 99 654 148 ΙΙ,

149 211 277 264 Parendum
288 227 336 268 est:
356 228 444 272 tacenm
451 226 516 274 litui:
535 227 651 288 prolrssrete
663 228 771 290 sagittas:

151 277 241 327 Parcite
252 285 369 349 contiguo,
381 287 480 338 Rufinus
491 292 600 354 praecipit,
612 291 699 339 hosti.”

181 342 228 392 His
239 347 312 404 dictis,
323 367 403 400 omnes
414 353 459 402 nui
468 353 582 405 fremuere
592 357 692 419 manipli,
773 360 825 404 220

150 407 269 462 Quantum
281 427 327 461 non
336 414 395 464 ltald
405 434 512 480 percussa
522 419 635 470 Cerauma
645 421 725 477 domu,

150 471 268 526 Quantum
279 493 325 526 non
336 481 430 530 madidis
441 485 497 532 elisa
506 487 606 534 tonitrua
617 485 700 536 Cor-iaz

150 537 287 603 secernique
297 553 390 608 negant,
401 556 522 612 ereptaque
532 552 612 612 proelia
620 557 735 614 poscunt;

151 600 315 668 Insignemque
326 611 405 660 ducem
415 615 512 678 populus
523 615 623 663 defendit
632 623 733 678 uterque,

151 667 186 715 Et
197 671 236 716 sibi
246 674 341 736 quisque
351 678 434 725 trahit:
455 695 539 742 magno
550 689 649 728 certatur
659 696 736 728 amore
740 697 748 737 ;
775 683 824 728 225

152 733 315 799 Alternumque
325 740 393 788 fidem
404 757 451 790 non
462 745 567 792 illaudata
576 746 666 792 lacessit

143 797 255 860 'Seditio;
272 805 355 866 tulique
366 808 433 854 simul
444 808 542 858 clamore
552 818 692 872 queruntur:

182 871 199 893 ‘⁴
212 865 271 920 Quis
282 871 336 917 mihi
348 872 443 920 nudatos
454 889 527 929 enses,
539 877 589 936 quis
600 876 645 922 tela
655 875 746 922 lacertis

151 926 254 987 Excutit,
267 941 290 984 et
301 935 359 987 solvi
370 945 477 985 curvatos
487 939 582 1002 imperat
593 940 676 995 meua?

151 992 263 1046 Quisnam
274 1000 341 1047 audet
352 1001 415 1064 leges
425 1003 513 1051 vibrato
523 1005 639 1066 imponere
648 1003 726 1052 fetro?
774 1009 826 1051 280

152 1055 296 1110 Inflammata
303 1067 376 1127 semel
387 1067 458 1114 nescit
469 1069 587 1116 mitescere
595 1069 674 1116 virtus.

150 1121 204 1170 Jam
215 1127 269 1174 milri
280 1129 404 1179 barbaricos
416 1131 514 1180 sitientia
523 1134 569 1196 pila
579 1149 671 1180 cruores

152 1187 239 1248 Sponte
247 1193 338 1253 volsum
356 1197 469 1257 ultrixque
480 1213 560 1245 manus
570 1213 679 1246 mucrone
688 1197 773 1245 furenti

151 1249 259 1310 Ducitur,
272 1266 295 1308 et
303 1260 387 1308 siccum
398 1261 498 1322 gladium
509 1263 592 1325 vagina
599 1272 695 1311 recusat·

149 1314 215 1363 Num
226 1323 315 1382 patior?
332 1338 449 1386 semperne
461 1327 528 1375 Getis
539 1328 648 1376 discordia
658 1335 735 1376 nostra
772 1329 822 1374 285

89 1387 92 1390 '
151 1379 272 1431 Proderit?
286 1402 318 1438 eu
330 1389 410 1436 iterum
421 1391 475 1438 belli
485 1392 558 1439 civilia
569 1393 658 1454 imago!

152 1445 215 1500 Quid
226 1454 404 1516 consanguineas
415 1457 481 1511 acies,
486 1457 546 1518 quid
555 1457 636 1504 dividis
644 1459 697 1505 olim

152 1509 284 1570 Concordes
294 1519 396 1579 aquilas?
412 1536 463 1572 non
469 1522 609 1570 dissociabile
619 1539 708 1586 corpus,

152 1574 351 1644 conjunctumque
362 1599 439 1633 sumus
449 1604 455 1634 :
475 1595 505 1643 te,
518 1603 563 1648 quo
573 1587 628 1634 libet
637 1589 677 1642 ire,
693 1602 819 1648 sequemur.

150 1640 187 1690 Te
197 1646 234 1692 vel
246 1646 395 1710 Hyperboreo
406 1650 534 1699 damnatam
541 1652 615 1700 sidere
625 1652 723 1707 Tholen,
773 1656 824 1697 240

151 1705 187 1754 Te
198 1710 235 1762 vel
245 1713 274 1759 ad
284 1713 387 1762 incensas
398 1713 479 1776 Libyr'e
487 1716 611 1763 comitabor
621 1732 708 1764 arenas.

151 1769 261 1828 Indorum
273 1778 291 1824 si
302 1786 383 1840 stagna
393 1787 463 1842 petas,
476 1782 580 1843 rubrique
591 1797 693 1828 recessus

152 1836 269 1900 AEquoris,
282 1843 402 1890 auriferum
413 1845 502 1892 veniam
513 1854 607 1908 poturus
619 1845 754 1908 Hydaspen·
778 1906 780 1911 Ι

152 1903 178 1950 si
188 1905 274 1964 calcare
284 1906 382 1962 Notum,
394 1917 523 1972 secretaque
533 1911 600 1958 litora
610 1910 659 1957 Nili

151 1968 280 2026 Nascentis,
289 1973 375 2034 jubeas,
388 1974 498 2023 mundum
508 1983 560 2037 post
570 1984 635 2038 terga
644 1976 776 2036 relinquam.

151 2034 191 2088 Et,
204 2050 346 2098 quocumque
357 2038 407 2085 lo‘co
419 2039 531 2087 Stilichon
541 2041 637 2089 tentoria
646 2040 709 2102 liget,
773 2042 823 2086 946

151 2096 201 2146 Hic
212 2102 350 2163 patriaest.”
368 2103 426 2150 Dux
434 2104 487 2152 inde
495 2113 568 2155 vetat:
580 2112 597 2135 ‘⁶
606 2104 725 2158 Desistite,
734 2119 821 2164 quaeso,

151 2165 231 2224 Atque
241 2167 328 2213 avidam
340 2167 427 2215 differte
438 2185 544 2217 monum:
562 2171 628 2218 cadat
638 2171 681 2217 iste
692 2170 787 2216 minacis

152 2227 250 2278 Invidiae
261 2233 379 2281 cumulus:
399 2249 444 2280 non
456 2241 491 2281 est
502 2235 596 2285 victoria
605 2235 670 2287 tanti,

152 2292 189 2339 Ut
197 2295 273 2352 uidear
283 2296 436 2348 vicissemihi.
456 2298 514 2353 Vos,
526 2299 570 2347 lida
579 2301 697 2362 juventus,
773 2300 824 2345 250

152 2355 196 2412 lte,
209 2360 253 2405 mei
264 2361 375 2420 quondam
388 2361 466 2408 socii.‘’
485 2363 537 2410 Nec
547 2363 612 2424 plura
621 2363 719 2417 locutus,

152 2421 236 2470 Flectit
244 2424 300 2482 iter;
318 2441 389 2472 vacuo
400 2426 472 2486 qualis
484 2427 579 2476 discedit
588 2427 658 2480 hiatu,

153 2485 278 2549 Impatiens
289 2504 395 2543 remeare,
404 2491 448 2545 leo,
459 2506 526 2552 quem
536 2491 632 2552 plurima
642 2491 725 2554 cuspis,

151 2551 185 2600 Et
195 2553 317 2612 pastorales
328 2555 462 2616 pepulerunt
471 2556 526 2617 igne
536 2562 648 2613 catervam
771 2585 774 2588 ·

151 2615 293 2676 inclinatque
299 2619 373 2680 jubas,
387 2619 527 2680 demissaque
537 2619 623 2670 lumina
633 2619 700 2674 velat,
774 2622 823 2667 255
