1892 2892
162 91 202 146 10,
250 89 300 146 Du
318 87 422 148 NVUPT·
442 88 574 141 HONOR„
590 89 638 138 ET
653 90 739 138 MAR.

164 224 180 248 ⁴⁴
193 215 267 271 Salve,
279 217 372 266 sidereae
380 217 453 279 moles
463 224 561 278 auguste
569 217 670 270 Serene,
785 221 842 266 252

150 280 304 344 'Magnorum
313 282 403 330 soboles
413 296 501 344 regum,
512 282 655 342 perituraque
664 282 744 344 reges!

163 345 200 392 Te
212 353 309 408 propter,
322 346 419 408 Paphius
430 347 495 394 sedes
506 346 656 408 Cyprumque
663 348 757 409 reliqui,

163 409 201 457 Te
210 418 300 473 propter
310 411 374 490 libuit
380 419 458 458 tantos
469 412 559 474 explere
566 412 661 465 labores,
784 415 839 460 255

164 473 199 523 Et
209 483 296 530 tantum
308 474 408 524 uenisse
418 477 500 533 maris5
518 491 547 524 ne
557 476 623 523 vilior
632 477 692 524 ultra

164 539 270 588 Privatos
280 549 381 603 paterere
390 542 462 598 lares;
480 557 525 587 neu
535 548 636 602 tempore
645 541 717 603 longo

163 603 273 665 Dilatps
262 607 354 669 Juvenia
362 607 457 654 nutriret
468 605 603 652 Honoriua'
597 621 671 668 ignes.

164 669 251 733 Accipe
260 671 373 722 fortunam
384 672 489 734 generis:
507 671 608 718 diadema
618 685 713 724 resume
812 711 816 720 ,
832 675 836 684 “

165 734 235 789 Quod
242 737 325 784 tribuas
336 737 410 794 ιιιιίις
427 744 450 784 et
461 737 485 782 in
496 737 546 782 brec
556 736 678 796 penetralia
688 750 773 789 rursus,
787 740 840 782 260

165 798 235 848 Unde
245 816 326 864 parens
335 815 461 864 progressa,
472 801 526 848 redi
542 799 589 847 Fue
600 800 662 846 nulle
671 801 763 848 subesse

165 865 264 913 Vincula
273 875 395 929 cognatae3
412 866 515 926 quamvis
524 865 597 912 aliene
606 865 687 912 lubeca

114 961 118 972 .
165 928 313 993 Principibus.
326 946 420 993 regnum
432 939 521 992 poteras
531 929 575 979 hoc
586 946 626 977 ore
635 930 723 977 mereri.

166 994 227 1048 Quse
237 996 328 1058 propior
338 996 431 1056 sceptris
440 995 526 1042 iacies?
543 996 593 1055 quia
603 995 694 1057 dignior
703 992 756 1041 auli
838 1038 843 1042 .

164 1060 251 1106 Vultus
260 1059 327 1108 eret?
344 1075 390 1106 non
400 1060 460 1106 lubra
471 1076 537 1113 rosae,
550 1074 596 1106 non
606 1060 664 1106 colle
673 1061 768 1122 pminae,
785 1062 840 1107 26⁵

164 1124 221 1172 Non
233 1125 305 1172 crines
316 1132 406 1184 aequant
416 1125 490 1178 violae,
503 1139 550 1172 non
559 1125 646 1172 lumino
655 1125 762 1172 flammae.
840 1161 844 1169 .

166 1188 242 1243 Quam
248 1190 330 1252 juncto
340 1190 419 1236 leviter
430 1205 480 1236 sese
490 1189 618 1237 discrimine
628 1189 715 1236 confert

165 1252 254 1302 Umbra
264 1255 375 1315 supercilii
385 1253 390 1303 l
408 1254 488 1302 miscet
498 1269 565 1314 quarn
572 1256 636 1317 juatc
646 1256 751 1302 ruborem

163 1318 311 1380 Temperies!
329 1319 398 1366 nimio
410 1334 451 1368 nec
460 1319 570 1381 sanguine
580 1320 664 1366 candor
673 1320 777 1366 abundet.

164 1383 262 1430 Aurorae
272 1384 344 1434 vincia
355 1384 445 1446 digitos,
454 1385 605 1444 humerosque
615 1384 707 1431 Dianae.
784 1384 839 1431 nio
938 1384 940 1421 i

164 1446 241 1510 Ipsam
248 1450 296 1511 jum
307 1464 399 1510 superes
409 1457 511 1496 indum·
531 1449 556 1496 Si
566 1449 671 1496 Bacchus
682 1455 769 1496 ametor

165 1513 245 1562 Dotali
287 1515 329 1562 tuit
340 1515 423 1562 coelum
435 1513 525 1576 signare
535 1513 626 1566 comni,

166 1577 216 1630 Cur
226 1530 293 1626 odiis
303 1581 369 1642 virgo
380 1580 495 1628 redimitur
505 1579 618 1640 pulchrior
628 1576 714 1625 astris?

164 1643 218 1693 Jcm
229 1645 268 1692 tibi
278 1645 370 1697 molitur
377 1645 488 1698 stellantia
498 1651 558 1690 aertn
568 1643 670 1700 Bootes3

165 1707 239 1770 Inque
249 1709 317 1756 decue
328 1709 427 1756 Mariae'
417 1724 465 1770 Jam
477 1709 549 1755 sidere
559 1709 655 1770 purturit
662 1677 741 1754 iether.
784 1707 839 1756 eis

165 1771 179 1819 1
191 1774 259 1836 digno
270 1774 411 1820 nectenda.
389 1789 446 1826 viro,
458 1774 559 1834 tantique
569 1789 609 1834 per
616 1774 693 1819 orbem

166 1836 268 1887 Consors
278 1836 377 1900 imperii!
395 1836 448 1886 Jum
460 1845 484 1884 te
493 1839 634 1886 venerabitur
645 1835 720 1884 Isterr

164 1902 258 1950 Nomen
267 1903 391 1950 adorabunt
400 1903 492 1965 populi·
506 1904 555 1965 jam
566 1903 663 1950 Rhenur
670 1911 694 1948 et
703 1901 770 1949 Albis

166 1968 267 2016 Serviet·
285 1968 309 2014 in
320 1968 406 2014 medios
416 1968 457 2014 ibis
468 1968 547 2028 regina
558 1968 691 2014 Sicambros·

165 2032 227 2087 Quid
238 2047 353 2078 numerem
359 2038 447 2093 gentes,
460 2032 733 2092 Atlanteosquereceanrs
784 2033 836 2077 280

165 2096 267 2145 Oceani?
283 2104 333 2144 toto
343 2097 425 2159 pariter
436 2096 540 2144 delabere
550 2095 659 2144 mundo.”

199 2161 281 2218 Dixit;
298 2169 321 2208 et
333 2169 432 2214 ornatus,
445 2161 552 2208 dederant
562 2177 619 2222 quos
627 2176 698 2223 nuper
708 2166 804 2206 ovantes

165 2226 283 2279 Nereides,
295 2226 353 2272 collo
364 2226 514 2286 membrisque
523 2227 657 2273 micantibus
667 2232 735 2287 aptot.

166 2289 220 2352 Ipse
229 2297 296 2352 caput
301 2290 424 2366 distinguit
434 2305 483 2344 acu,
496 2291 628 2351 substringit
637 2291 748 2338 amictus:

165 2355 307 2404 Flammea
286 2355 393 2417 virgineis
402 2356 573 2402 accommodet
567 2370 615 2416 rpau
624 2354 833 2416 capillaceo

163 2420 227 2467 Ante
236 2419 312 2467 fores
302 2435 349 2482 Jam
360 2435 443 2482 pompe
453 2427 527 2472 sonat,
538 2420 665 2480 pilentaque
672 2433 759 2466 sacram

163 2483 303 2541 Praeradinnt
312 2484 406 2532 ductum
414 2499 503 2532 nurum
520 2482 587 2532 Calct
596 2485 675 2530 obvius
686 2485 720 2530 lre

161 2547 333 2609 ,lum-princeps,
346 2549 479 2608 tardumque
488 2548 551 2608 cupit
560 2548 673 2595 discedere
684 2548 764 2594 solem.

159 2612 248 2666 Nobilis
258 2611 317 2660 haud
326 2613 390 2662 aliter
401 2613 498 2675 sonipes,
506 2625 574 2672 quem
585 2613 670 2674 primus
681 2612 766 2660 umoris
