1892 2892
222 113 273 164 ms
290 113 336 164 IV.
356 113 452 166 cotis
472 109 633 163 HONORIL
732 110 766 158 51-

5 243 6 248 *
94 241 188 305 l3¹¹P¹⁴³¹l
197 245 304 307 pascique
314 247 391 307 aequit
401 263 407 293 ε
427 259 489 292 nunc
498 245 592 292 verbere
601 254 667 290 curas
716 239 762 286 251
784 279 787 285 ,

94 306 195 369 Torquet
206 312 322 369 avaritiae;
339 311 436 357 stimulis
447 324 508 356 nunc
518 306 602 371 flagrat
612 319 731 361 amorum;

94 370 163 420 Nunc
174 375 273 436 gaudet;
291 389 352 422 nuno
366 384 448 422 moesta
459 374 536 431 dolet;
554 375 677 433 satiataque
688 382 765 416 rursus

94 434 212 493 Exoritur,
222 439 325 501 emique
335 441 393 488 redit
403 439 524 503 pollentius
535 436 626 499 Hydri.

5 511 10 526 ¹
95 501 148 548 Hos
158 504 228 566 igitur
237 505 311 566 potuit
322 507 340 552 si
351 508 401 566 quia
413 505 490 552 sedare
500 504 618 556 tumultus.
716 497 765 545 255

94 564 233 616 Inconcussa
243 571 303 616 dabit
313 585 376 632 purae
387 570 482 616 sacraria
492 571 570 615 menti.

49 637 52 643 '
94 630 132 678 Tu
142 632 195 680 licet
205 642 319 682 extremos
329 636 374 682 late
385 635 500 681 dominere
511 649 552 695 per
562 630 640 683 Indos,

94 695 131 742 Te
141 697 233 753 Medus,
243 707 266 746 te
276 700 351 746 mollis
363 701 445 754 Arabs,
456 707 480 745 te
492 700 559 746 Seres
567 697 676 752 adorent;

96 761 121 808 si
129 763 218 817 metuis,
231 765 327 826 siprava
338 765 407 826 cupis,
421 764 439 810 si
448 765 536 810 duceris
547 760 588 815 itt,

96 826 186 873 servitii
196 827 385 891 patiereJ'ugumr
405 830 509 875 tolerabis
520 828 609 887 iniquas
716 823 767 867 260

96 888 195 939 Interius
206 893 276 954 leges.
291 894 358 941 Tunc
369 894 445 940 omnia
452 895 504 955 jure
515 892 609 944 tenebis,

96 953 156 1003 Cum
167 959 251 1019 poteris
262 973 303 1005 rex
313 975 363 1006 esse
373 961 414 1005 tui.
435 958 561 1004 Proclivior
572 969 626 1002 usus

95 1016 125 1066 In
136 1023 213 1084 pejora
223 1023 304 1070 datust
324 1024 445 1084 suadetque
457 1023 548 1070 licentia
558 1022 645 1072 luxum,

95 1082 254 1149 Illecebrioque
263 1088 348 1136 effrena
357 1088 434 1136 lavetz
453 1096 502 1134 tum
513 1088 591 1134 vivere
602 1091 664 1132 caste

95 1150 213 1212 Asperius,
226 1169 278 1202 cum
289 1161 378 1216 promta
387 1153 483 1200 Venus:
502 1160 551 1199 tum
562 1150 640 1198 durius
650 1148 692 1194 irae
718 1145 768 1191 265

97 1213 237 1271 consulitur,
250 1234 301 1264 curn
315 1233 384 1281 poena
394 1225 470 1281 patet:
491 1219 531 1264 serl
542 1215 667 1277 comprime
675 1218 768 1258 motusz

16 1305 21 1311 ι
96 1278 150 1327 Nec
162 1282 208 1336 tibi,
220 1283 273 1344 quid
283 1283 355 1337 licent,
369 1283 408 1330 sed
417 1283 471 1344 quid
479 1282 560 1329 fecisse
570 1279 663 1330 decebit.

96 1345 223 1394 Occurrat:
242 1356 386 1409 mentemque
397 1349 474 1395 domet
486 1355 600 1409 respectus
612 1341 709 1390 honesti.

96 1409 153 1458 Hoc
165 1419 189 1458 te
199 1421 306 1474 praeterea
318 1415 395 1460 crebro
407 1427 511 1460 sermone
522 1412 627 1465 monebo,

97 1473 135 1521 Ut
146 1483 169 1522 te
180 1478 248 1524 totius
259 1477 333 1525 medio
344 1479 429 1525 telluris
440 1481 463 1524 in
476 1492 516 1524 ore
720 1468 770 1517 27⁰

96 1539 184 1588 Vivere
195 1558 327 1604 cognoscas,
340 1545 427 1590 cunctis
439 1550 479 1589 tua
488 1541 594 1603 gentious
605 1552 656 1585 esse

96 1603 170 1653 Facta
180 1608 267 1670 palam
285 1623 327 1654 nec
338 1622 405 1670 posse
415 1608 463 1654 dari
474 1605 586 1668 regalibus
597 1611 692 1664 usquam

97 1669 216 1718 secretum
228 1672 301 1718 vitiis:
321 1687 373 1719 nam
384 1673 425 1719 lux
436 1672 545 1718 altissima
554 1669 595 1715 l'ati

96 1734 220 1783 Occultum
232 1737 287 1783 nihil
297 1751 347 1784 esse
356 1738 424 1794 sinit;
441 1737 582 1796 latebrasque
592 1748 633 1796 per
643 1745 722 1779 omnes

97 1797 183 1854 Intrat,
192 1809 215 1848 et
223 1802 337 1848 abstrusos
348 1803 450 1864 explorat
460 1801 522 1847 lama
533 1813 642 1847 recessus.
724 1794 774 1843 27⁵
865 1865 869 1872 ,

97 1865 136 1912 Sia
147 1865 197 1926 pius
208 1867 231 1912 in
242 1867 333 1927 primis:
354 1881 413 1921 nam,
424 1880 476 1913 cum
486 1866 603 1913 vincamur
614 1860 708 1909 inomni

97 1927 205 1984 Munere,
219 1931 267 1978 solu
278 1931 343 1978 Deos
352 1939 426 1992 aequst
438 1931 558 1978 clementia
569 1929 641 1975 nobis.

84 1993 154 2042 ,Neu
166 1995 232 2042 dubie
243 2004 362 2058 suspectus
373 2011 435 2062 agas!
448 2011 493 2042 neu
501 1995 572 2041 salsus
582 1993 667 2045 amicis,

96 2059 258 2106 Rumorumve
268 2061 361 2107 avidus:
381 2062 419 2121 qui
431 2061 484 2106 talia
494 2066 566 2112 curat,
579 2060 658 2104 inanes

94 2123 208 2172 Horrebit
219 2126 333 2187 strepitus,
346 2125 408 2172 nulli
420 2140 465 2171 non
478 2125 559 2171 anxius
570 2121 633 2169 hori.
723 2122 774 2164 280

95 2187 155 2236 Non
167 2191 199 2236 sic
208 2191 318 2243 excubiae,
331 2206 378 2236 non
391 2191 559 2236 circumstantia
569 2189 621 2250 pila,

95 2253 175 2308 Quam
188 2262 274 2302 tutatur
285 2271 364 2301 amor:
384 2269 431 2301 non
440 2253 583 2315 extorquebis
594 2251 672 2298 aman.

95 2317 154 2366 Hoc
165 2319 323 2373 alternantes,
335 2320 379 2366 hoc
390 2321 486 2382 simplex
497 2320 569 2381 gratia
580 2318 657 2363 donat.

93 2383 184 2431 Nonne
193 2385 264 2438 vides,
274 2399 368 2446 operum
380 2400 425 2445 quo
437 2401 462 2430 se
472 2383 636 2446 pulcherrimus
647 2381 685 2426 ille

93 2448 201 2497 Mundus
210 2465 289 2497 amore
300 2449 362 2512 liget,
376 2463 418 2496 neo
429 2450 452 2496 vi
464 2461 567 2495 connexa
574 2461 615 2509 per
623 2459 698 2492 aevtrm
724 2443 773 2488 285

94 2513 239 2577 conspirent
249 2516 363 2562 elernenta
374 2515 435 2561 sibi?
452 2514 515 2575 quod
525 2511 597 2559 limite
608 2509 711 2557 Pboebus

94 2579 230 2628 Contentus
241 2580 323 2634 medio,
334 2587 456 2627 contentus
466 2580 534 2625 litore
544 2574 645 2638 pontus?

94 2644 135 2694 Et
145 2645 183 2708 qui
193 2653 306 2709 perpetuo
317 2652 389 2692 terras
397 2644 512 2704 ambitque
521 2641 635 2701 velitque.
