1892 2892
172 92 223 140 seo
281 76 418 142 numus
435 92 600 143 mosum.
616 92 671 141 ua
684 92 735 141 111,

175 222 287 273 Sicaniam
298 228 385 289 qurerit,
398 242 449 274 curn
460 228 556 275 necdum
568 228 708 276 absconderit
718 226 785 277 Iden.
803 232 855 279 140

175 288 266 355 Curicta
276 298 349 353 pavet,
361 300 479 355 speratque
489 294 551 340 nilul.
568 294 607 341 sie
618 301 699 341 aestuat
710 294 766 349 eles,

176 353 238 409 Quae
249 362 338 403 teneros
348 359 426 405 humili
436 358 497 405 fetus
507 360 645 406 commiserit
655 374 721 414 orno,

175 420 282 469 Allstura
292 422 353 469 eibos
359 440 368 481 3
385 430 408 469 et
417 424 513 486 plurima
524 424 609 486 cogitat
620 425 716 482 absens;
796 475 798 488 Ι

175 482 217 533 Ne
226 484 329 549 fragilem
340 495 421 535 ventus
432 489 555 535 decusserit
565 490 643 535 arbore
653 490 749 545 nidum3

176 548 232 597 Neu
241 550 327 598 lurtum
339 560 429 615 pateant
440 554 532 606 bomini,
545 569 589 600 neu
597 554 672 618 praeda
680 555 787 602 colubris.
804 557 854 602 145

210 614 247 662 Ut
257 615 337 664 domus
348 619 446 665 excubiis
456 619 590 666 incustodita
601 620 700 674 remotis,

177 678 212 729 Et
223 683 351 745 resupinato
362 684 458 745 neglecti
469 683 560 730 cardine
568 691 652 745 postes,

86 792 88 799 ,
177 744 271 795 Flebilis
281 755 305 794 et
314 748 389 795 tacite
401 749 486 811 species
496 750 597 811 apparuit
607 750 673 802 sulse,

177 808 235 858 Non
246 808 397 877 [exspectato]
410 821 512 875 respectu
523 814 599 869 cladis,
611 814 708 860 amictrss

180 873 305 931 Consedit,
318 885 340 923 et
351 877 432 926 fractas
444 894 495 925 cum
507 879 569 925 crine
579 879 656 925 avellit
666 879 754 926 aristes.
803 881 854 927 150

179 938 305 989 Haeserunt
316 942 435 1003 laerymaez
455 958 502 989 non
512 958 566 998 vox,
579 958 625 990 non
636 944 727 1005 spiritus
738 944 793 997 oris,

131 1025 135 1039 ¹
178 1004 291 1054 Redditur
297 1023 304 1063 ς
322 1014 388 1067 atque
399 1008 450 1053 imis
460 1008 533 1055 vibrat
543 1012 628 1055 tremor
638 1022 689 1055 ossa
699 1009 813 1056 medullis.

179 1068 290 1117 succidui·
295 1072 391 1124 titubant
401 1088 507 1134 gressus;
525 1073 653 1135 foribusque
666 1074 767 1129 reclusis,

178 1134 244 1184 Dum
255 1150 337 1181 vacuas
348 1136 411 1183 sedes
422 1146 445 1183 et
456 1138 555 1185 desolata
564 1145 665 1200 pererrat

179 1198 252 1253 Atria,
265 1201 383 1247 semirutas
394 1202 489 1249 confirso
500 1204 596 1249 stamine
606 1204 670 1257 telas,
801 1205 853 1251 155

179 1264 257 1325 Atque
267 1266 400 1328 interceptas
411 1268 515 1329 agnoscit
525 1269 620 1330 pectinis
631 1282 697 1315 artes.

179 1328 280 1377 Divinus
290 1331 347 1392 perit
357 1332 395 1378 ille
404 1332 480 1390 labor;
498 1334 638 1394 spatiumque
648 1333 750 1379 relictum

179 1388 264 1442 Audax
274 1396 383 1459 sacrilego
395 1398 510 1459 supplebat
521 1412 601 1444 aranea
611 1407 683 1444 textu.

179 1458 232 1508 Nee
243 1458 317 1514 deflet,
329 1462 445 1523 plangitve
454 1463 553 1509 malumr
573 1470 648 1510 tamen
659 1463 736 1510 oscula
746 1462 802 1509 telae

179 1522 250 1587 Figit,
261 1532 284 1573 et
294 1527 404 1587 abrumpit
414 1535 489 1574 mutus
499 1529 523 1573 in
533 1527 571 1574 lile
581 1528 689 1588 querelas.
804 1531 863 1575 160·

179 1590 323 1652 Attritosque
333 1606 401 1637 manu
412 1593 493 1646 radios,
505 1594 647 1655 projectaque
656 1606 733 1655 pensa,

180 1652 314 1715 Cunctaque
324 1656 427 1718 virgineo
438 1673 514 1719 spersu
524 1658 672 1704 oblectamina
680 1658 742 1710 ludo,

180 1717 232 1767 ceu
243 1728 325 1775 nutam,
337 1730 423 1783 pressat
433 1723 536 1785 gremius
554 1730 685 1783 castumque
695 1722 770 1770 cubile

179 1783 336 1847 Desertosque
346 1794 415 1841 toros,
428 1795 458 1841 et,
471 1788 539 1833 sicubi
551 1788 637 1834 sederat
648 1788 709 1840 olim,

179 1846 295 1913 Perlegit:
314 1852 422 1897 attonitus
434 1852 521 1898 stabulo
531 1866 572 1898 ceu
583 1860 659 1914 pastor
669 1851 738 1905 insui,
804 1854 853 1900 165

181 1911 226 1963 Cui
236 1930 304 1977 pecus
315 1922 354 1961 aut
365 1918 435 1963 rabies
447 1916 570 1964 Poenorum
581 1918 673 1978 inopina
682 1916 783 1970 honum,

136 1978 140 1987 '
178 1979 229 2025 Aut
238 1980 387 2041 populatrices
396 1979 531 2029 infestavere
540 1987 651 2043 catervae:

180 2042 250 2090 Serus
261 2051 284 2090 ut
294 2044 331 2091 ille
342 2046 404 2101 redit,
416 2053 548 2107 vastataque
556 2062 640 2108 pascue
648 2046 755 2100 lustrans,

179 2106 236 2156 Non
247 2122 394 2169 responsuros
404 2110 448 2157 ciet
458 2112 731 2174 imploratquejuvencos.

212 2171 291 2233 Atque
301 2172 330 2219 ibi
341 2173 426 2221 secreti
436 2182 547 2221 tectorum
558 2176 581 2221 in
592 2185 654 2238 purte
661 2176 774 2237 jacentem

179 2234 284 2298 Adspicit
293 2236 416 2294 Electram,
428 2248 488 2286 natae
499 2256 550 2301 quae
561 2240 637 2287 sedula
647 2240 731 2295 nutrix,
800 2242 847 2288 171

179 2300 265 2347 ocean
276 2302 360 2363 priscas
370 2305 429 2350 inter
440 2305 557 2352 notissima
567 2305 685 2367 nymphas.

180 2361 226 2411 Par
237 2362 315 2411 Cereri
325 2367 403 2427 pietas.
420 2367 488 2422 Haec,
500 2377 553 2430 post
563 2370 677 2425 cunabula,
689 2369 750 2417 dulci

179 2426 251 2474 Ferre
261 2429 319 2483 sinu,
332 2446 465 2493 summoque
475 2433 530 2481 Jovi
543 2434 653 2479 deducere
662 2447 757 2495 parvam

180 2490 297 2545 Sumeret,
309 2502 332 2539 et
341 2497 437 2556 genibus
447 2498 561 2545 ludentem
571 2506 649 2560 aptare
658 2500 767 2561 paternis.
805 2502 855 2551 175

180 2552 241 2601 Haec
252 2570 335 2610 comes,
352 2558 401 2605 haec
411 2568 495 2615 custos,
507 2563 557 2609 haee
567 2563 670 2625 proxima
680 2571 754 2612 muter
764 2565 853 2614 baberi.

177 2616 237 2667 Tum
248 2618 331 2668 laeerss
342 2620 412 2671 elium
422 2639 507 2684 cernes,
519 2633 542 2674 et
552 2627 646 2689 pulvere
655 2630 726 2676 esnbe
