1892 2892
5 232 13 463 l

6 496 12 853 l

101 100 103 103 '
196 91 336 144 RAHUS
352 81 518 143 PROSERP·
539 91 591 140 [αι.
604 89 653 138 111.
714 96 761 142 247

83 215 205 272 Fontibus,
215 224 239 264 et
250 224 308 265 tetre
315 216 438 264 irernerent
448 218 473 262 in
483 215 564 278 poeula
574 216 636 278 ripe.
715 217 756 262 12⁶

85 280 158 328 Haud
168 281 272 343 equidem
283 281 390 339 iuuiden;
402 296 444 329 nec
455 282 515 328 enirn
527 281 635 328 livescere
644 279 679 327 fas
689 287 732 336 est,
768 319 772 328 .

84 345 131 392 Vel
142 346 253 403 nocuisse,
266 344 347 394 Deos:
366 345 405 393 sed
417 347 490 410 (quod
500 345 613 393 dissuasor
622 345 714 394 bonesti

85 410 175 464 Luxus,
187 418 211 458 et
221 411 330 459 humanas
341 411 432 458 oblimat
441 411 507 473 eopia
516 408 614 471 mentes)
632 447 633 454 ,
769 449 771 457 ,

79 475 201 523 »Ρτονοοεῖ
210 483 237 522 ut
247 491 329 538 segnes
339 477 434 529 animos,
448 490 567 536 rerumque
577 480 674 524 remotas
723 478 760 522 80,

86 537 211 602 Ingeniosa
218 541 271 588 vias
280 541 387 603 paulatim
398 541 500 602 exploret
510 546 615 602 egestas3

86 605 167 666 thue
177 613 237 654 artes
247 607 319 668 pariat
328 606 435 659 sollertia,
446 605 531 652 nutriat
541 620 602 652 usus·

86 669 158 716 Nune
169 670 223 716 mibi
234 685 286 718 eum
297 671 386 733 magnis
395 671 464 717 instat
476 669 565 716 Natura
575 670 678 730 querelis,

87 733 222 782 Humanum
234 736 334 784 relevare
343 751 432 798 genus3
448 735 573 795 durumque
583 741 712 796 tyranuum,

87 797 256 861 Immitemque,
268 808 350 858 vooat;
366 807 504 862 regnataque
514 799 597 846 saecula
607 799 664 860 patri
722 799 756 844 85

87 862 276 922 Commemorat3
292 880 429 928 parcumque
438 863 530 918 Jovem,
542 878 567 910 se
577 863 654 919 divite,
665 862 753 910 clamet.
767 899 770 908 .

87 927 137 978 cor
148 945 241 992 campos
250 931 343 978 horrere
352 930 405 985 sius,
416 929 535 989 dumisque
544 928 626 990 repleri
711 947 714 952 ·

87 993 154 1041 Rura
163 995 241 1050 velim,
252 1002 276 1043 et
286 995 354 1042 nuliis
364 1009 472 1043 exornem
482 993 591 1041 fructibus
601 991 703 1040 aunum?

88 1059 120 1106 Se
125 1060 183 1122 jam,
195 1075 247 1121 quae
257 1059 359 1123 genitrix
367 1059 498 1106 mortalibus
508 1065 561 1106 unte
569 1057 656 1112 fuisset,

87 1121 118 1171 lu
128 1124 185 1171 dirae
196 1125 269 1172 subito
280 1140 355 1172 mores
366 1123 474 1172 mansisse
484 1138 595 1172 novercae.
726 1123 759 1170 40

88 1189 151 1244 Quid
162 1197 262 1237 mentem
274 1190 369 1237 traxisse
379 1188 439 1251 polo,
451 1188 505 1249 quid
515 1188 599 1250 profuit
609 1188 680 1236 altum
757 1229 764 1236 ..

87 1253 199 1304 Erexisse
209 1262 284 1318 eaput,
295 1255 406 1316 pecudum
417 1254 436 1302 n‘
447 1268 511 1299 more
520 1259 636 1314 pererrant

88 1320 156 1374 Avia,
169 1320 188 1366 si
198 1318 315 1382 frangunt,
326 1318 455 1367 eommunia
464 1317 550 1380 pabula,
563 1316 675 1380 glandes?

89 1385 203 1433 Haeccine
212 1385 261 1432 vita
266 1385 333 1449 juvat
344 1383 483 1431 silvestribus
493 1382 567 1429 abdita
577 1382 661 1437 lustris,
739 1401 742 1410 r
772 1379 773 1384 ’
785 1435 789 1442 ⁴

90 1449 218 1498 indiscreta
226 1448 298 1498 feris?
314 1448 384 1498 Tales
394 1464 447 1496 cum
458 1463 518 1509 saepe
528 1447 628 1509 parentis
644 1449 646 1460 ¹
728 1447 766 1494 45»

89 1514 227 1564 Pertulerim
237 1522 338 1577 questus,
351 1514 449 1569 tandem,
460 1511 592 1560 elementior
603 1511 657 1566 orbi,

88 1578 195 1632 chronio
207 1580 275 1628 statui
285 1586 366 1642 gentes
377 1586 478 1627 avertere
489 1577 557 1624 victu.
621 1598 622 1602 ¹

89 1645 170 1707 Atque
180 1645 237 1692 adeo
249 1641 364 1700 Cererem,
375 1659 428 1706 quse
438 1657 506 1696 nunc,
518 1641 598 1708 ignom
608 1641 727 1694 mulorum,
764 1677 766 1682 .

91 1710 205 1757 Verberat
216 1706 431 1757 Idaeostorvdeum
441 1715 514 1754 matre
524 1707 608 1760 leones,
764 1731 766 1736 ·

91 1775 139 1823 Per
149 1790 218 1830 mare,
229 1791 270 1837 pes
280 1781 358 1828 terras,
369 1774 435 1821 avido
446 1773 570 1820 discurrere
580 1771 645 1818 luctu
732 1771 765 1817 50

91 1841 227 1895 Decretum.
239 1846 300 1887 natae
310 1840 382 1888 donee
392 1839 470 1886 laetata
481 1844 576 1901 repertae

91 1904 182 1953 Indicio
193 1906 276 1956 tribuat
285 1903 371 1967 fruges,
383 1917 506 1964 currusque
516 1901 601 1950 feratur

92 1970 207 2024 Nubibus,
219 1970 310 2032 ignotas
320 1969 408 2032 populis
419 1983 536 2030 sparsurus
546 1966 632 2019 aristas,

91 2035 127 2084 Et
132 2036 193 2098 juga
203 2033 297 2082 eoenrlei
308 2035 402 2082 subeant
413 2034 495 2080 Actaea
505 2032 621 2079 dracones.

93 2100 197 2156 Quodsi
207 2100 258 2159 quis
269 2096 348 2148 Cereri
359 2106 471 2161 raptorem
482 2097 576 2160 prodere
588 2093 677 2142 Divum
734 2094 765 2140 55

94 2165 203 2222 Audeat3
219 2164 308 2226 imperii
318 2165 409 2218 molem,
421 2177 544 2226 paoemque
554 2160 687 2224 profundam

95 2229 206 2278 Obtestor
217 2244 301 2284 rerum,
313 2235 380 2276 natus
389 2230 444 2276 lieet
454 2227 499 2283 ille,
512 2231 612 2280 sororve,

94 2293 142 2342 Vel
153 2295 238 2358 conjux
247 2293 323 2349 fuerit,
336 2301 468 2342 natarumve
478 2291 575 2354 agminis
586 2305 639 2345 una,

95 2360 128 2411 se
138 2359 193 2408 lieet
202 2359 241 2406 ille
252 2374 304 2406 tneo
314 2365 449 2422 conceptum
461 2357 544 2408 vertice
550 2358 629 2419 jactet

96 2424 188 2473 Sentiet
198 2425 288 2478 iratum,
301 2425 380 2487 procul
390 2423 478 2486 aegide;
496 2421 577 2470 sentiet
587 2421 657 2468 ioturu
739 2419 772 2464 60

96 2489 227 2547 Fulminis3
245 2495 269 2538 et
278 2490 382 2552 genitum
393 2485 469 2536 divini
479 2494 539 2535 sorte
549 2485 642 2548 pigebit,

95 2555 236 2618 optabitque
247 2555 321 2605 mori:
339 2561 402 2608 tunc,
414 2553 508 2601 vulnere
518 2549 645 2612 languidus,
656 2545 699 2613 ipsi

97 2619 213 2672 Tradetur
224 2634 318 2685 genero,
331 2634 437 2684 passurus
447 2617 537 2684 prodita
547 2629 631 2682 regnat
660 2633 662 2640 ·
