1892 2892
184 73 232 122 m
291 65 428 122 Rffl'US
439 61 743 124 'momentaria

185 207 314 258 Imtaruare
323 206 399 270 dapes
412 204 486 255 Nunc
495 219 557 256 anna
568 209 711 272 hahitumque
721 205 808 258 Dianae

184 273 295 329 induitur,
307 273 426 336 digitisque
436 280 532 320 attentat
542 274 646 321 mollibus
657 287 741 322 arcum.

183 339 260 393 Nunc.
273 339 352 386 crinita
357 339 425 400 jubis
436 339 532 400 galeam,
540 334 645 386 laudante
655 338 770 395 Minervi,

184 403 273 467 implet,
286 411 310 450 et
320 405 435 466 ingentem
446 403 550 464 clypeum
561 412 651 466 gestare
661 405 753 452 laborat.

182 468 260 516 Prima
270 465 354 515 Venus
362 478 453 530 campos
464 467 614 529 Hennaeaque
625 479 679 516 rura·
686 469 787 532 maligno
804 473 860 516 220

181 533 271 597 ingerit
281 533 363 582 afflatu.
383 530 479 578 Vicinos
490 533 569 580 callida
579 532 646 580 flores

182 599 312 663 ingeminat
318 616 326 657 ;
342 598 493 658 meritumque
502 597 553 652 loci,
565 599 628 644 velut
638 598 716 652 inscia,
727 601 818 661 quaerit.

165 665 168 671 '
181 663 233 711 Nec
243 661 320 717 credit,
331 663 392 724 quod
401 663 481 709 bruma
491 677 553 708 rosas
564 663 655 710 innoxia
667 672 747 718 servet,

182 729 253 784 Quod
262 729 330 792 gelidi
342 729 436 775 rubeam
445 727 519 774 alieno
529 728 633 790 germine
643 736 741 786 menses,

181 794 260 841 Verna
270 805 313 841 nec
323 792 404 840 iratum
414 792 508 839 timeant
519 792 618 854 virgulta
628 793 726 839 Booten.
786 805 792 816 “
801 798 854 840 225

179 859 246 908 Dum
257 861 307 906 loca
317 859 417 911 miratur,
430 857 504 904 studio
515 857 568 902 dum
580 857 660 920 flugrat
671 859 745 912 eundi,

180 923 311 972 Persuadet.
331 923 434 976 Teneris,
447 923 497 975 beu,
509 922 593 968 lubrica
604 923 702 969 moribus
714 922 781 970 aetas!

163 989 246 1044 *Quos
257 1004 301 1050 ego
312 987 460 1047 nequidquam
471 987 579 1050 planctus,
591 995 646 1048 quas
656 987 718 1034 irrita
727 987 774 1034 fudi

179 1054 228 1102 Ore
237 1050 330 1115 preces!
346 1050 404 1097 Ruit
413 1052 452 1098 illa
462 1059 545 1104 tamen,
558 1052 642 1098 confiso
653 1068 755 1099 sororum

178 1117 302 1170 Praesidio:
321 1116 412 1162 famulae
422 1116 493 1178 longo
503 1123 555 1178 post
566 1116 645 1163 ordine
656 1119 770 1180 nympbae.
798 1122 850 1165 230

178 1183 229 1231 Itur
238 1183 262 1229 in
273 1189 359 1228 aetemo
369 1181 464 1228 vestitos
474 1181 576 1243 gramine
586 1195 692 1244 carnp0s3

163 1296 166 1302 ,
178 1243 211 1296 lit
221 1244 294 1309 primi
304 1248 346 1294 sub
355 1247 406 1292 luce
416 1248 503 1308 legunt,
516 1261 567 1293 cum
580 1261 630 1292 rore
641 1259 732 1293 serenus

178 1313 247 1360 Anser
257 1327 319 1374 ager,
332 1327 464 1374 sparsosque
473 1311 552 1358 bibunt
561 1305 654 1358 violaria
665 1327 750 1358 succos.
776 1305 777 1310 ¹

178 1379 230 1433 sed,
241 1385 359 1440 postquam
371 1377 445 1422 medio
457 1376 491 1422 sol
501 1376 584 1422 institit
595 1375 661 1422 altior
671 1377 715 1431 axi,

176 1444 240 1492 Eo'ce
250 1443 326 1505 polum
338 1455 384 1487 nox
393 1441 455 1488 soeda
465 1441 529 1504 rapit,
541 1439 715 1502 tremefactaque
725 1447 789 1488 nutat
798 1445 850 1490 235

176 1507 256 1556 Insula
265 1507 409 1568 cornipedum
419 1507 493 1568 pulsu,
506 1506 644 1567 strepituque
654 1513 761 1553 rotarum.

175 1572 253 1620 Ndsse
263 1588 305 1620 nec
314 1571 415 1633 aurigam
425 1571 496 1617 licuit.
516 1567 561 1617 Seu
573 1569 674 1617 mortifer
684 1577 761 1625 aestus,

161 1633 165 1644 '
175 1639 223 1686 Seu
235 1638 302 1684 Mors
311 1636 361 1698 ipsa
369 1636 426 1692 fnit3
442 1635 506 1681 luror
515 1643 631 1696 pennantt
642 1635 666 1681 in
676 1637 768 1684 herbas:

175 1702 293 1750 Deficiunt
303 1701 358 1748 riri:
378 1701 480 1760 squalent
491 1699 593 1762 rubigine
603 1707 678 1762 prata:

174 1767 209 1814 Et
219 1765 274 1813 nihil
284 1765 383 1813 afflatum
394 1764 464 1811 vivite
483 1765 566 1826 pallere
576 1766 678 1827 ligustro,
794 1770 849 1814 240

173 1832 297 1894 Exspirare
307 1843 376 1884 rosas,
388 1830 517 1876 decrescere
527 1829 573 1876 lilia
583 1831 635 1877 vidi.

175 1897 212 1943 Ut
222 1911 290 1944 rauco
300 1896 392 1942 reduces
403 1901 476 1940 troctu
487 1893 581 1941 detorsit
591 1896 695 1948 habenas,

158 1959 162 1969 ’
173 1961 230 2008 Nox
241 1975 281 2008 sua
290 1960 432 2022 prosequitur
442 1975 547 2016 currum3
564 1960 604 2005 lux
615 1960 714 2006 redditur
725 1961 779 2007 orbi.

175 2026 319 2086 Persephone
330 2025 448 2084 nusquamj
462 2022 527 2070 Voto
538 2021 624 2070 rediere
634 2031 732 2088 peracto,

172 2089 224 2137 Nec
234 2086 344 2142 mansere,
356 2088 424 2136 Deae.
443 2087 529 2136 Mediis
539 2088 667 2136 invenimus
677 2090 736 2136 arsis
793 2095 847 2139 245

164 2155 307 2218 ¹Exanimem
319 2151 428 2214 Cyanen:
447 2153 524 2200 cervix
535 2152 738 2218 redimitaJacebst,

156 2230 159 2236 ’
170 2219 205 2267 Et
215 2219 337 2280 caligantes
347 2219 476 2265 marcebant
484 2217 559 2265 fronte
570 2231 667 2266 coronae.

155 2277 159 2287 '
171 2284 326 2346 Aggredinmr
337 2283 422 2336 subitae,
434 2291 458 2329 et
468 2297 534 2330 casus
545 2284 651 2330 scitamur
661 2283 749 2337 heriles,

170 2347 244 2408 (Nam
255 2347 346 2408 propior
356 2345 411 2393 cladi
423 2346 528 2408 steterat)
540 2349 590 2410 quis
601 2349 677 2395 vultus
688 2351 819 2410 equorum?

170 2411 230 2464 Quis
241 2411 323 2478 regat?
340 2409 383 2458 iila
394 2412 462 2458 nibil:
482 2413 549 2459 tacito
562 2413 600 2459 sed
611 2413 665 2459 lresa
676 2429 773 2467 veneno,
792 2419 848 2463 250

171 2474 272 2521 Solvitur
282 2475 306 2519 in
317 2475 420 2522 laticem:
438 2478 537 2539 subrepit
548 2479 646 2524 crinibus
657 2480 753 2525 humor:

155 2551 158 2561 ¹
171 2537 283 2597 liquitur,
295 2538 318 2582 in
330 2553 448 2600 roremque
457 2542 525 2602 pedes
536 2550 558 2589 et
570 2543 659 2590 brachio
669 2551 762 2590 manent
772 2561 779 2600 3

167 2601 298 2661 Nostraque
304 2615 362 2650 mox
372 2604 449 2651 lambit
459 2607 556 2670 vestigia
568 2609 699 2672 perspicuus
709 2608 770 2657 lons.
