1892 2892
222 435 381 516 ,Anonymi
394 435 496 496 Poilae
510 435 625 496 Laudes
639 435 784 496 Herculis.

175 781 304 830 Pmmuss
313 782 426 838 uolumen,
437 781 632 847 eujusPsmnssis
642 791 726 844 magno

174 847 277 895 Numine
284 850 368 910 templu
376 857 464 902 sonam,
471 849 533 901 lietu,
544 863 629 909 precor¹
639 848 684 892 hue
692 861 742 908 nge,
753 844 850 902 Phoebe,
939 847 940 872 ³

173 911 211 959 Te
221 915 334 976 conjunge
343 915 426 960 choro:
444 914 566 976 penetralis
576 919 653 958 sanctu
664 925 775 966 sororum,

174 976 210 1024 Et
218 993 278 1038 noys
289 976 401 1026 Csstslios
410 978 489 1026 lntioes
498 993 539 1040 per
549 992 602 1024 rurs
611 983 733 1038 petentem,

174 1041 367 1105 Hippomenreum
377 1043 486 1090 victorem
497 1043 600 1090 insistere
608 1041 695 1090 fontem
732 1087 736 1092 .
836 1043 853 1088 5
939 1075 940 1078 η

173 1107 271 1172 Melsos
288 1105 851 1169 usmquetuamuonnunenovusadvenaturbsm

173 1170 300 1234 Ingredior,
311 1172 430 1234 laurosque
439 1188 529 1235 gerens,
541 1180 565 1220 et
574 1171 645 1218 flores
654 1171 721 1218 sertis

173 1236 288 1299 Tempora
296 1236 435 1293 viunistuis,
445 1239 564 1285 doctorum
575 1249 668 1283 munera
678 1244 765 1284 vntum.
825 1283 827 1292 ,

172 1301 257 1349 Testor
267 1303 339 1350 adhue
349 1311 444 1357 veteres,
456 1303 559 1364 quamvis
569 1301 681 1352 desuetus,
694 1302 799 1348 honores.

206 1367 299 1414 Alcides
308 1367 364 1414 mihi
373 1383 464 1415 carmen
476 1367 524 1421 erit,
536 1381 643 1430 genusne
653 1365 767 1412 Tonantis
821 1369 854 1413 lo

173 1431 306 1495 Progenies,
317 1433 401 1496 diguus
411 1434 471 1481 credi
482 1440 535 1495 post
543 1433 630 1480 viscera
640 1445 724 1478 numen
939 1425 940 1442 ¹

172 1498 268 1561 Semper
278 1499 307 1545 ob
316 1499 439 1546 immensos
448 1499 527 1544 invicti
538 1496 623 1543 roboris
634 1503 710 1542 aestus.

173 1562 225 1610 Nec
236 1563 298 1610 nssm'
307 1565 408 1626 potuisse
417 1570 497 1610 vsost:
516 1577 568 1609 nsm
578 1561 635 1608 lucis
644 1561 669 1607 in
680 1561 741 1623 ipsis.

173 1625 270 1690 Inclyte,
281 1629 402 1690 principiis,
414 1629 478 1675 turdo
489 1629 528 1674 vix
538 1626 611 1674 editus
617 1633 679 1680 ortu,
735 1663 738 1668 .
862 1663 866 1672 .

172 1691 257 1740 Fecisti
268 1695 370 1756 depstre
379 1693 454 1741 fidem.
471 1693 517 1740 Sed
527 1707 568 1738 eur
578 1692 632 1738 mihi
643 1691 710 1738 lentis
819 1695 852 1740 15
939 1703 940 1726 ³

172 1756 245 1804 Ludis
254 1759 335 1812 adnue,
347 1756 549 1816 Cirrhaes,modis‚
561 1763 708 1818 tenerumque
718 1755 832 1804 multans

172 1822 313 1871 Luxurisute
323 1825 385 1870 leves
394 1824 491 1886 impellis
501 1823 581 1886 pollice
591 1820 703 1868 ohordssl

172 1887 238 1934 Pone
248 1889 354 1943 habiturn,
365 1904 411 1951 quo
421 1889 496 1936 mollis
506 1902 582 1944 emur
600 1893 623 1934 et
632 1886 719 1933 frondis
729 1893 812 1934 smstae

172 1951 264 2014 Linque
273 1968 367 2011 nemus5
386 1951 515 2017 [mollique]
527 1958 610 1999 exutus
620 1959 723 2014 tempors
732 1951 803 2006 lsuro',

173 2015 274 2080 Populeri
283 2033 373 2066 meeum
383 2033 474 2066 onumen
484 2018 570 2066 luctare
577 2017 619 2064 sub
629 2015 714 2063 umbri.
815 2020 852 2064 20

203 2081 256 2132 Jsm
262 2099 334 2148 greve
340 2085 391 2146 plus
398 2084 474 2136 etium,
484 2097 550 2144 quum
556 2081 641 2129 uentris
648 2081 852 2143 remporsvellem,

172 2148 306 2194 Alcmenam
317 2150 421 2195 tendebnt
431 2163 502 2195 onus:
522 2147 561 2194 sed
572 2147 634 2208 regis
644 2145 707 2194 Juno

172 2213 277 2274 Impedit,
289 2221 314 2260 et
322 2220 400 2275 pertus
410 2213 519 2276 prohstret
531 2211 637 2272 nascique
646 2212 742 2264 vetabat,

173 2276 209 2324 Ut
219 2285 293 2324 metus
304 2279 351 2338 ipse
362 2277 440 2325 Deum
451 2284 569 2324 monstret.
589 2275 640 2322 Nec
651 2275 726 2322 vivida
736 2275 789 2322 eoeli

172 2341 263 2388 Semina
273 2343 379 2388 mortales
389 2340 473 2388 norunt
484 2343 567 2388 sentire
576 2341 679 2394 latebras.
815 2344 850 2388 25

171 2404 224 2450 Nec
233 2412 329 2464 possunt
340 2405 433 2453 sufferre
442 2421 525 2454 morus.
540 2405 617 2453 Dstur
627 2405 679 2451 inde
689 2419 796 2452 noveroae

171 2467 297 2525 Materies;
312 2471 462 2531 gravibusque
472 2471 529 2517 odiis
539 2478 661 2532 sugmenta
671 2469 792 2524 ministrat,

172 2531 241 2584 Quod
252 2531 311 2578 vinci
321 2535 419 2594 ooepisse
428 2535 504 2596 pudet.
525 2535 584 2582 Mos
595 2535 695 2596 improbe
704 2534 770 2580 binos

169 2593 200 2670 lu
211 2603 249 2643 tus
260 2596 359 2645 menbra
364 2599 437 2660 jubet,
449 2599 504 2648 dum
515 2599 620 2658 nasceris,
632 2600 665 2648 ire
676 2599 793 2648 dracones·
