1892 2892
203 141 206 146 ·
247 129 287 179 IN
302 129 473 180 RUFINUM
491 129 545 178 Ina.
560 126 595 176 11.
732 133 764 175 38

87 251 209 309 Hauserit.
221 261 245 303 et
256 253 309 304 fessi
321 270 412 318 poenant
423 256 527 304 libaverit
537 255 604 303 orbis.
716 255 765 299 400

86 318 150 370 Mox
161 333 242 366 omnes
252 319 342 368 fodiunt
352 321 429 374 hastis,
437 329 545 382 artusque
554 326 678 367 trementes

85 383 225 431 Dilaniant:
245 399 291 432 uno
303 393 337 432 tot
347 401 442 448 corpore
452 386 498 448 pila
509 392 628 447 tepescunt
634 401 642 442 ς

87 447 122 494 Et
133 462 181 494 non
192 448 277 496 inlecto
288 450 367 512 puduit
378 465 488 497 mucrone
497 450 588 497 reverti.

1 513 6 526 ¹
87 511 214 560 Hivultus
222 513 307 567 avidos.
317 523 341 562 et
349 515 424 562 adhue
432 514 634 577 spirantiavellunt
715 515 765 558 410

88 575 204 626 Lumina:
223 586 341 626 trunuatus
352 579 388 626 alii
400 577 494 642 rapuere
504 579 607 626 lacertos.

87 642 202 704 Amputat
213 642 251 689 ille
258 643 333 705 pedes,
345 645 464 692 humerum
477 644 548 704 quatit
559 644 597 689 ille
608 641 688 688 solutis

90 704 212 766 Nexibus:
232 708 269 754 bic
278 707 344 754 tracti
355 716 442 756 resecat
452 708 584 756 curvamina
593 707 662 753 dorsi.

91 771 221 834 Hicjecur,
233 773 273 818 bic¹
281 772 355 820 cordis
365 773 439 827 fibras,
449 774 486 820 hie
496 772 575 835 pandit
584 771 676 818 anbelus

91 834 214 888 Pulmonis
225 836 334 884 latebras:
353 838 450 901 spatium
461 852 509 884 non
519 837 607 884 invenit
615 838 665 892 ira;
716 839 765 882 415

91 899 144 948 Nee
155 901 220 948 loeus
228 909 264 948 est
275 902 344 949 odiis:
364 911 484 949 consumto
494 901 581 956 lunae,
590 902 630 948 rix
640 912 689 947 nnn

90 965 222 1020 Deseritur,
234 982 381 1030 sparsumque
391 967 448 1029 pen't
458 983 498 1030 per
508 967 553 1014 teta
564 965 666 1014 “daven

94 1030 133 1090 Sic
145 1045 213 1078 mons
220 1031 311 1079 Aonius
322 1031 403 1086 rubuit,
414 1047 465 1078 eum
475 1031 578 1079 Penthea
586 1029 672 1078 ferrent

91 1093 221 1152 Maensdes,
229 1105 269 1143 aut
279 1096 353 1143 subito
364 1106 476 1144 mutatum
484 1096 597 1144 Actaeona
607 1110 679 1143 uornu

92 1157 206 1220 Traderet
216 1161 301 1208 insanis
310 1160 407 1208 latonia
418 1158 490 1225 [visa]
502 1160 619 1208 Molossia.
719 1163 768 1206 400

127 1222 298 1274 criminibusne
308 1226 353 1273 tuis
363 1241 447 1288 speras,
458 1225 566 1280 Fortuna,
578 1225 680 1280 mederi?

90 1287 128 1338 Et
138 1291 198 1337 male
209 1290 316 1337 donatum
328 1299 400 1338 sertus
411 1305 501 1353 sequare
510 1289 611 1338 favorem

94 1353 234 1416 Suppliciis?
251 1353 297 1402 uni
307 1363 342 1402 tot
352 1356 422 1402 millia
433 1363 507 1402 morte
516 1354 637 1418 rqsendisl

1 1425 19 1443 ··
93 1416 193 1466 Eversis
203 1419 301 1484 agedum
312 1419 423 1468 Rufinum
434 1420 509 1468 divide
519 1420 601 1468 teniat

93 1484 135 1532 Da
146 1492 215 1547 capnt
224 1484 340 1546 Odrysiis:
360 1493 465 1532 smneurn
472 1491 601 1538 meremur
608 1483 700 1532 Achivi.
719 1484 769 1530 425

96 1548 160 1604 Quid
171 1549 263 1612 reliquia
273 1548 378 1596 dabitur?
393 1564 436 1597 neu
446 1549 537 1612 singula
546 1549 646 1596 membra
655 1547 762 1610 peremtis

94 1613 218 1663 Sufficiunt
227 1615 323 1678 populis.
343 1614 425 1662 Vacuo
435 1615 498 1676 plebs
509 1614 576 1660 obvia
586 1628 660 1667 muro,

95 1679 150 1728 Jam
161 1695 248 1733 secura,
260 1678 324 1726 fluit:
341 1680 431 1726 senibus
442 1693 489 1724 non
499 1678 587 1725 obstitit
597 1686 659 1731 etas.

94 1743 260 1805 virginibusve
270 1743 355 1812 pudpr:
374 1744 456 1797 viduae,
468 1743 550 1804 quibus
559 1743 598 1790 ille
607 1743 700 1790 maritos

96 1808 206 1862 Abstulit,
216 1809 344 1870 orbataeque
354 1815 423 1856 ruunt
433 1808 461 1856 sd
471 1809 555 1870 gaudia
564 1816 660 1864 matres3
721 1809 770 1853 480

98 1871 258 1934 Insultantque
268 1873 367 1920 alacres:
385 1873 472 1920 hessos
478 1875 546 1936 Juvat
555 1873 589 1920 ire
598 1888 640 1935 per
649 1879 720 1925 artus.

95 1937 226 1999 *Pressaque
237 1939 322 1986 calcato
332 1938 430 2000 vestigia
439 1938 551 2000 sanguine
560 1938 625 2000 tingi.

98 2002 151 2050 Nec
161 1998 238 2050 minu's
246 2002 341 2049 assiduis
350 2001 448 2064 flagrant
458 2003 541 2050 elidere
551 2003 612 2050 saxis

99 2065 231 2130 Prodigiale
242 2076 323 2129 caput;
340 2067 400 2129 quod
406 2068 455 2130 jans
464 2066 592 2129 decurpide
602 2065 691 2114 summi

99 2131 209 2186 Nutabat,
221 2130 292 2194 digus
302 2132 390 2179 rediens
400 2132 429 2178 ad
439 2133 523 2179 moenia
532 2130 621 2195 pompd.
721 2134 770 2178 485

99 2197 206 2244 Dextera
216 2199 271 2257 quin
282 2197 357 2251 etism.
370 2197 423 2244 ludo
434 2212 548 2251 concessa,
557 2206 661 2260 vagatur,

7 2255 20 2276 *
98 2262 158 2312 AErn
168 2268 255 2324 petens,
267 2261 401 2322 fraudesque
411 2262 479 2308 animi
490 2263 598 2325 persolvit
607 2263 669 2308 avari

100 2327 206 2374 Terribili
217 2327 298 2384 lucro3
315 2327 424 2388 vivosque
433 2327 521 2375 imitata
532 2335 642 2380 retentus,
663 2360 666 2366 ·

101 2391 201 2454 Cogitur
211 2391 313 2451 qdductis
324 2391 407 2453 digitos
417 2391 533 2442 inflectere
543 2391 624 2439 nervis·

97 2495 101 2504 .
132 2455 232 2503 Desinat
242 2456 307 2504 elutis
317 2457 434 2517 quisquan]
444 2456 557 2508 confidere
565 2457 630 2502 rebus
639 2472 647 2512 ς
722 2458 772 2499 440

100 2520 265 2584 instabilesque
276 2519 343 2574 Dens
353 2535 379 2570 nc
390 2521 475 2573 lubrica
483 2519 585 2569 Numina
594 2520 672 2566 diseat.

8 2609 18 2618 -
101 2587 145 2638 llis
155 2601 245 2640 manus,
257 2601 309 2648 quae
321 2593 409 2648 sceptra
420 2586 460 2632 sibi
471 2585 582 2648 gestanda
591 2584 689 2646 parubat,

104 2651 176 2716 Cujus
188 2667 213 2700 se
224 2653 292 2713 toties
303 2651 406 2702 submisit
416 2650 445 2698 ad
456 2650 533 2698 osenla
543 2649 638 2713 supplex
