1892 2892
247 99 662 166 russo-cousennrou.·
733 106 795 174 1⁶83

10 207 12 214 ,
107 227 380 294 Sednonimmodicusp
421 231 672 294 riijactatorbonoris-
743 235 776 279 26

108 295 207 358 Consul,
219 293 302 349 Roma,
313 302 373 342 tuus.
419 310 448 341 on
459 295 523 342 illum
533 296 626 358 praemiu
636 303 731 352 tantum,

108 360 188 414 Qrmm
197 360 261 406 labor
270 359 318 422 ipse
323 361 398 422 juvat.
417 359 529 422 strepitus
540 357 625 407 fastidit
634 361 727 418 inunes3

106 423 186 485 Inque
195 424 276 471 animis
286 424 401 471 hominum
407 423 494 495 pompi
504 422 596 472 meliore
605 422 736 488 triumphat.
790 416 795 428 ’

106 488 167 536 Non
177 489 245 535 alium
256 488 600 538 certeRomanaeclariussrces
742 494 777 536 80

108 549 235 614 Suscepbre
246 552 332 608 ducern,
344 567 386 600 nec
397 568 448 600 cum
459 549 553 600 cedente
563 554 644 602 rediret

107 616 227 664 Fabricius
235 615 331 678 Pyrrho,
343 631 385 665 nec
396 633 447 666 cum
460 616 572 681 Capitolio
581 631 649 666 curru

108 681 204 729 Pellaeae
214 682 311 729 domitor
321 677 406 730 Paulus
416 683 576 731 conscenderet
585 684 651 730 aulae.

108 745 163 793 Nec
174 746 252 793 similis
262 741 340 794 Latias
349 746 454 809 patefecit
464 747 538 810 gloria
547 755 630 810 portas,

108 809 169 858 Post
179 807 291 858 Numidas
301 811 385 866 Murio,
397 819 449 874 post
459 812 551 860 classica
561 812 645 859 Martis
655 809 701 858 Eoi
744 813 777 859 35

107 873 228 938 Pompeio.
247 873 311 925 Nulli
322 891 373 940 pars
384 877 466 924 aemuln
476 875 547 924 defuit
557 892 663 938 unquam,
789 918 793 938 ,

108 939 172 996 Quae
181 939 258 1002 gravis
269 941 405 1004 obstreperet
414 941 506 988 leudes:
526 941 665 1003 stimulisque
672 939 777 1003 malignis

106 999 181 1054 Facta
191 1005 329 1066 sequebatur,
341 1007 443 1067 quamvis
454 1005 560 1068 ingentia,
573 1004 653 1054 Livor.

107 1068 177 1117 Solus
188 1068 385 1118 hicinridiaefines
395 1069 479 1118 virtute
489 1069 583 1132 reliquit,
744 1073 778 1117 89

107 1133 289 1196 Humanumque
298 1135 406 1184 modum:
425 1135 476 1197 quis
486 1135 546 1182 enim
556 1136 665 1183 livescere
674 1134 752 1198 possit,

108 1197 179 1253 Quod
191 1202 303 1260 nunquam
314 1207 406 1262 pereant
417 1197 506 1247 stellae?
521 1199 582 1261 quod
591 1200 681 1264 Jupiter
690 1201 761 1246 altum

105 1262 227 1312 Possidest
237 1263 339 1310 coelum?
356 1264 416 1326 quod
426 1264 515 1312 noverit
525 1265 601 1312 omnis
611 1265 733 1313 Pboebus?

106 1324 156 1376 Est
165 1327 254 1389 aliquod
264 1328 338 1376 meriti
349 1328 452 1391 spatium,
464 1330 524 1392 quod
534 1330 596 1377 nulla
602 1328 698 1378 fruentis

0 1386 3 1404 '
106 1391 207 1440 Invidiae
217 1407 322 1442 mensura
332 1393 398 1456 capit
414 1393 554 1443 Ductoribus
564 1394 608 1441 illis

107 1457 224 1506 Praeteres
234 1456 463 1508 divisuseratfavor:
483 1458 617 1521 aequiorille
744 1459 777 1506 45

105 1521 220 1577 Patribus,
230 1521 316 1570 invisus
324 1522 397 1586 plebi;
413 1524 555 1586 popularibus
565 1523 598 1569 illi

104 1583 202 1635 Munitb
212 1587 291 1634 studiis
301 1588 420 1651 languebat
430 1589 504 1650 gratia
515 1587 617 1635 Petrum.

105 1651 190 1699 Oninis
201 1651 224 1700 in
235 1653 278 1699 hoc
289 1667 335 1700 uno
345 1654 413 1700 vsriis
423 1653 533 1700 discordia
543 1652 610 1699 cessit

104 1715 245 1764 Ordinibuss
263 1716 354 1764 laetatur
364 1733 438 1780 eques,
450 1718 580 1781 plauditque
590 1723 680 1764 senator
686 1733 694 1774 ς
756 1713 776 1756 '-

104 1781 213 1844 Votaque
222 1781 315 1844 patricio
323 1789 409 1830 certant
420 1783 506 1844 plebeis
517 1781 597 1830 favori.
742 1781 777 1827 50

104 1845 128 1894 0
139 1845 201 1900 felix,
214 1853 302 1895 servata
311 1854 378 1896 vocat
387 1863 454 1910 quem
463 1847 541 1896 Rome
550 1843 678 1909 parentem!

104 1909 128 1959 0
140 1911 218 1974 muudi
229 1912 356 1960 communis
366 1927 436 1966 amor,
449 1913 485 1959 cui
496 1912 579 1959 militet
589 1911 664 1958 omnis

105 1975 191 2031 Gallis,
203 1990 270 2037 quem
281 1992 361 2038 regum
371 1977 475 2024 thalamis
486 1975 598 2039 Hispania
608 1973 692 2024 nectit!
788 1977 791 1982 ’

105 2039 182 2104 Cujus
192 2047 216 2088 et
226 2041 347 2088 adventum
358 2043 440 2089 crebris
451 2038 535 2104 petiere
546 2040 647 2095 Quirites

105 2107 217 2161 Vocibus,
230 2111 254 2152 et
263 2121 348 2168 genero
359 2107 441 2153 meruit
451 2112 574 2169 praestante
584 2102 690 2152 senatus!
744 2103 777 2150 55

106 2169 165 2219 Non
176 2171 209 2218 sic
219 2171 344 2233 virginibus
354 2170 429 2226 flores,
441 2186 488 2218 non
499 2170 601 2232 frugibus
612 2169 701 2222 imbres,

107 2235 221 2299 Prospera
230 2250 277 2282 non
286 2236 351 2284 lassis
361 2243 468 2298 optantur
477 2234 569 2282 flamina
578 2234 661 2288 nautis,

108 2297 208 2350 Ut'tuus
218 2301 336 2362 adspectus
346 2301 436 2363 populo.
456 2298 518 2354 Quae
528 2299 620 2346 numine
630 2303 694 2346 tanto

107 2363 295 2413 litoreistidicas
305 2366 411 2424 attollunt
421 2365 490 2414 Delia
499 2365 582 2420 lauros,

108 2428 205 2477 Venturi
216 2430 303 2492 quoties
314 2429 408 2492 affulget
418 2429 531 2493 Apollinis
542 2426 623 2475 arcus?
743 2429 777 2473 60

109 2491 168 2548 011ae
179 2497 211 2543 sic
221 2494 318 2542 suniero
328 2494 416 2542 Pactoli
425 2494 489 2542 sonte
500 2494 604 2541 tumescit

109 2557 188 2620 Lydia,
200 2576 251 2608 cum
263 2559 353 2608 domitis
363 2560 463 2622 apparuit
475 2553 549 2606 Euius
560 2555 642 2603 lrulis?

108 2615 192 2674 Nonne
202 2625 272 2682 rides,
285 2633 308 2672 et
318 2624 381 2688 plebe
389 2624 444 2681 vias,
456 2630 481 2672 et
491 2631 551 2672 tecta
560 2623 630 2670 latete

369 2699 377 2722 ,
423 2705 426 2714 .
