1892 2892
269 509 271 514 ·
333 488 393 554 IN
430 486 708 553 RUFINUM

454 649 562 697 LIBER
579 649 600 695 1.
685 660 689 669 ’

190 930 262 976 Sura
273 929 328 975 mihi
339 930 427 976 dubiam
435 931 507 978 traxit
519 929 630 976 sententia
637 936 744 983 mentem,

191 991 304 1041 Curarent
315 994 395 1056 Superi
407 1007 484 1048 terrae,
496 1009 525 1042 an
536 995 612 1040 nullus
622 994 705 1040 inerret

191 1057 285 1111 Rector,
298 1065 321 1105 et
331 1060 417 1106 incerto
428 1057 524 1106 fluerent
534 1058 637 1104 mortalia
647 1073 708 1104 earu.

191 1121 261 1175 Nam,
273 1137 324 1168 curn
333 1123 433 1185 dispositi
442 1125 575 1184 quaesissem
585 1122 671 1170 foedera
681 1123 767 1176 mundi,

192 1185 384 1249 Praesoriptocque
395 1189 451 1235 mari
460 1188 524 1242 linea,
539 1186 670 1251 [annia]que
680 1197 775 1242 meatur,
847 1193 865 1236 5

190 1251 225 1298 Et
234 1252 291 1298 lucis
303 1253 419 1314 noctisque
429 1253 505 1310 vioea3
523 1259 578 1299 tuuc
590 1253 667 1298 omnia
677 1254 740 1300 rebar
768 1308 773 1318 ι

191 1314 294 1364 Consilio
304 1315 392 1364 firmata
400 1317 454 1370 Dei,
467 1317 504 1377 qui
515 1316 568 1378 lege
581 1317 666 1363 moveri

191 1380 276 1434 Sidera,
289 1382 326 1442 qui
334 1381 413 1444 fruger
421 1381 511 1428 diverto
522 1388 623 1442 tempore
634 1382 703 1435 nasei,

191 1444 239 1498 Qui
248 1447 333 1492 variam
345 1445 447 1493 Phoeben
458 1447 531 1494 alieno
537 1446 632 1508 Jusrerit
641 1447 690 1508 igni

194 1509 317 1574 Compleri,
328 1511 449 1573 Solemque
459 1527 515 1568 suo;
532 1511 657 1573 porrexerit
667 1511 734 1558 undio
835 1516 868 1558 10

191 1574 285 1632 Litora;
303 1577 405 1622 tellurem
417 1577 490 1623 medio
501 1576 613 1623 libraverit
623 1591 674 1622 axe.

190 1639 243 1694 Sed,
256 1657 308 1686 eum
319 1657 354 1688 res
365 1641 481 1688 bominum
493 1639 556 1687 taotd
565 1640 661 1702 caligine
671 1639 732 1687 volui

191 1705 344 1767 Adspicerem,
356 1707 466 1766 laetosque
477 1706 515 1751 diu
525 1705 606 1750 florere
616 1713 731 1759 nocentes,

191 1769 321 1830 Vexarique
332 1771 396 1832 pion
414 1784 491 1816 rursus
501 1769 609 1815 labefacta
619 1770 711 1817 cadebat

191 1834 292 1896 Relligio
299 1852 308 1893 3
325 1849 443 1894 causaeque
453 1835 513 1881 viam
525 1849 571 1880 non
576 1841 663 1896 ·rponte
674 1834 780 1894 sequebar
833 1839 865 1882 1⁵

192 1899 301 1952 Alterius,
315 1914 386 1944 vacuo
397 1913 449 1959 quae
459 1914 549 1946 currere
560 1900 646 1946 semina
655 1907 719 1945 motu

191 1963 303 2017 Affirmat,
316 1975 469 2025 magnumque
480 1979 550 2010 novas
561 1965 676 2025 perinane
686 1964 770 2026 figuras

192 2027 302 2081 Fortund,
315 2042 360 2074 uon
372 2037 426 2080 arte,
440 2030 505 2090 regi;
522 2044 573 2089 quae
585 2027 687 2074 Numina
697 2043 765 2074 censu

191 2093 314 2155 Ambigua,
327 2093 363 2139 vel
374 2093 436 2139 nulla
445 2100 517 2154 putat,
528 2095 564 2140 vel
575 2094 650 2140 nescia
661 2094 739 2139 nostri.

191 2159 292 2205 Abstulit
302 2159 362 2204 huno
374 2158 463 2204 taudem
476 2158 555 2205 Rufini
565 2173 633 2220 poena
644 2159 774 2209 tumultum,
829 2163 865 2205 90

191 2223 341 2283 Absolvitqua
352 2222 432 2270 Deos:
448 2225 496 2286 jam
508 2238 553 2268 non
565 2223 598 2270 ad
604 2223 702 2269 culmina
714 2237 788 2268 rerum

191 2287 293 2349 Injustos
304 2287 401 2333 crevisse
412 2303 507 2348 queror:
528 2288 637 2333 tolluntur
647 2288 671 2333 in
686 2287 764 2342 altum,

193 2351 227 2398 Ut
237 2352 301 2415 lapsu
311 2352 415 2413 graviore
425 2361 498 2399 ruant.
515 2351 566 2405 Voa
575 2351 666 2413 pandite
676 2351 729 2406 vati,

192 2416 299 2470 Pierides,
312 2432 357 2477 quo
369 2423 432 2463 tanta
441 2417 491 2463 lues
502 2417 600 2479 eruperit
610 2424 670 2462 orto.

225 2479 322 2528 Invidiae
332 2482 445 2543 quondam
457 2482 554 2529 stimulis
562 2481 678 2527 incanduit
688 2488 755 2527 atrox
830 2486 864 2529 25

193 2547 284 2599 Alecto,
296 2546 395 2608 placidas
404 2547 450 2593 lata
461 2561 513 2592 cunr
525 2551 626 2592 cerneret
635 2546 708 2591 urbes.

191 2610 300 2660 Protinus
311 2610 408 2659 infernae
419 2611 447 2660 ad
457 2611 534 2658 limina
545 2617 603 2657 tetra
612 2625 708 2662 sorores,
