1892 2892
171 118 203 162 34
329 113 552 165 turturinum
569 117 623 164 Lra.
638 112 672 163 11.

170 241 289 298 Nobilitas,
302 246 417 293 inhumata
427 247 471 301 diu,
484 247 611 308 miseroque
622 247 711 295 revulsa

171 307 279 370 Corpore,
291 309 382 358 feralem
394 319 505 371 questum
515 319 568 374 post
576 313 624 359 sata
633 311 743 374 poposcit.
792 311 846 356 44⁵

171 373 295 434 Adspiciat,
305 377 404 436 quisquis
415 377 509 423 nimium
521 378 607 424 sublata
618 375 720 423 secundis

172 436 238 484 Colla
248 440 320 500 gerit:
340 441 411 486 triviis
422 442 541 488 calcandus
552 443 670 504 spargitur,
682 455 742 493 eece,

171 502 218 555 Qui
228 505 268 549 sibi
278 505 412 566 pyramidas,
425 506 470 568 qui,
484 521 530 557 non
541 507 643 553 cedentia
653 505 749 568 templis,

173 568 286 614 Ornaturu
297 585 351 616 suos
361 572 473 617 exstruxit
482 571 580 618 eulmina
591 571 688 618 Manes:

172 631 212 685 Et,
226 635 263 694 qui
276 634 368 680 Sidonio
381 637 447 682 velari
460 634 576 700 [eredidit]
584 643 654 690 ostro,
793 635 849 678 450

173 696 255 745 Nudus
266 701 338 760 pascit
347 715 413 748 aves:
430 703 498 762 jacet,
510 715 546 753 en,
560 701 596 760 qui
607 700 706 763 possidet
717 699 803 750 orbem,

174 761 274 825 Exiguae
285 765 371 812 telluris
381 765 462 828 inops;
480 774 503 812 et
512 766 605 827 pulvere
615 780 664 811 raro

174 826 219 873 Per
229 837 303 890 partes
315 832 406 891 tegitur,
419 845 528 891 nusquam
539 831 651 890 totiesque
661 829 768 890 sepultus.

206 894 330 941 Senserunt
341 911 442 943 convexa
453 911 539 947 necem,
551 895 662 954 tellusque
672 893 793 940 nefandum

173 957 288 1005 Amolitur
299 975 369 1005 onus:
385 961 433 1021 jam
445 961 603 1022 respirantibus
613 960 686 1012 astris,
792 959 846 1002 45⁵
940 968 942 1021 j

175 1021 281 1069 Infernas
289 1033 369 1085 greum
380 1025 458 1070 umbra
468 1026 545 1071 heus:
564 1034 627 1085 pater
636 1023 722 1070 Rarus
733 1023 828 1077 ltorret;

175 1086 344 1148 Intrantemque
354 1089 421 1134 etiam
432 1090 514 1135 latratu
525 1088 637 1137 Cerberus
647 1096 721 1149 urget.

173 1151 241 1199 Tunc
252 1153 341 1206 animae,
353 1153 456 1213 quasille
463 1155 512 1200 fero
525 1155 565 1200 sub
571 1155 623 1216 jure
633 1153 734 1215 peremit,

175 1216 338 1270 Circumstant,
350 1219 453 1278 nigrique
464 1220 557 1265 trahunt
566 1219 595 1264 ad
601 1219 683 1281 judicis
694 1229 781 1269 urnam,
835 1267 844 1276 ·

175 1279 262 1328 Inlesto
272 1281 362 1328 fremitu
371 1300 378 1340 ς
396 1283 465 1330 veluti
476 1284 571 1345 pastoris
582 1285 605 1329 in
616 1299 657 1330 ora
792 1283 849 1326 46⁰

175 1344 468 1408 commotae-glomerentur
478 1363 540 1410 apes,
551 1350 589 1408 qni
598 1349 673 1394 dulcia
682 1354 747 1406 raptu

175 1411 247 1457 Mella
258 1413 332 1465 trahit,
345 1426 475 1474 pennasque
483 1415 550 1465 cient,
563 1423 587 1459 ot
597 1412 681 1474 spicula
691 1411 804 1465 tendunt;

175 1476 214 1531 Et,
228 1477 302 1524 tenuis
312 1478 360 1523 saxi
371 1493 411 1538 per
421 1478 589 1540 propugnacula
599 1479 688 1529 ancre,

173 1542 291 1589 Rimosam
303 1543 404 1604 patriam,
417 1542 541 1603 dilectaque
550 1543 645 1603 pumicis
655 1549 726 1592 antra,

174 1606 315 1661 Defendunt,
325 1623 443 1669 pronoque
452 1607 518 1654 favos
528 1607 631 1653 examine
641 1607 723 1653 velant.
792 1606 845 1649 465

207 1672 251 1718 Est
262 1673 333 1726 locus,
345 1672 447 1719 infaustis
459 1688 504 1733 quo
515 1673 664 1718 conciliantur
674 1671 698 1715 in
706 1681 777 1714 unum

174 1735 276 1798 Cocytos
287 1736 474 1798 Phlegethonque
485 1737 562 1783 vadis:
580 1737 707 1783 inamoenus
718 1741 815 1792 uterque

172 1801 274 1847 alveus:
293 1802 330 1848 nie
340 1802 412 1848 volvit
422 1802 549 1862 lacrymas:
568 1801 605 1847 hio
614 1802 669 1863 igne
680 1797 797 1845 redundat.

173 1864 253 1911 Tunis
265 1881 305 1927 per
314 1866 418 1927 geminos
428 1865 525 1918 flammis
536 1865 630 1913 vicinior
640 1879 717 1911 amnes

174 1929 308 1991 Porrigitur,
322 1930 435 1990 solidoque
447 1931 523 1992 rigens
533 1932 651 1977 adamante
661 1929 776 1975 sinistrum
794 1930 845 1973 470

174 1994 264 2040 Proluit
274 1995 328 2056 igne
338 1995 410 2042 latusr
429 1994 509 2041 dextri
520 1994 617 2056 Cocytia
625 1994 691 2040 lindit

174 2057 285 2118 AEquora,
296 2060 359 2106 triste
370 2075 471 2121 gemens,
484 2068 506 2106 et
517 2058 572 2106 fletu
582 2060 670 2108 eouoite
679 2057 775 2119 plangit.

75 2171 77 2176 ,
174 2123 230 2170 Huc
241 2131 292 2184 post
302 2125 417 2172 emeritam
428 2125 532 2171 mortalia
541 2125 625 2170 saeoula
634 2125 703 2170 vitam

176 2189 322 2234 Deveniunt=
341 2189 371 2236 lbi
383 2190 443 2236 nulla
453 2196 546 2235 manent
555 2189 683 2235 discrimina
692 2187 740 2240 tati,

175 2252 259 2298 Nullus
270 2253 356 2299 honos:
375 2269 479 2314 vanoque
488 2262 581 2300 exutum
593 2255 685 2299 nornine
695 2267 773 2314 regem
794 2254 845 2298 475

175 2317 295 2363 Proturbat
306 2318 404 2378 plebeius
415 2334 494 2380 egens.
513 2317 636 2370 Quaesitor,
648 2319 671 2364 in
682 2318 729 2363 alto

175 2381 317 2442 Conspicuus
328 2383 391 2444 solio,
403 2390 517 2444 pertentat
527 2383 620 2428 erimine
631 2382 718 2436 Minos,

175 2445 209 2491 Et
214 2446 283 2505 justis
294 2446 378 2493 dirimit
388 2453 479 2493 sontes:
498 2461 556 2507 quos
567 2447 627 2492 nolle
636 2446 702 2493 fateri

175 2508 270 2562 Viderit,
283 2511 311 2556 ad
321 2511 386 2572 rigidi
397 2511 528 2558 transmittit
538 2512 630 2557 uerbera
639 2509 727 2558 fratrias
810 2538 815 2544 -

173 2572 234 2619 Nam
241 2575 308 2634 juxta
316 2574 505 2625 ,Rhadamanthus
515 2575 577 2636 agit:
597 2589 649 2620 eum
660 2584 725 2636 gestu
736 2575 829 2636 superni

174 2635 291 2692 Curriculi,
305 2647 409 2700 totosque
418 2639 456 2686 diu
467 2639 605 2700 perspexerit
615 2647 694 2695 aetus3
794 2642 842 2686 481
