1892 2892
160 73 206 121 182
320 69 371 119 DE
387 68 502 118 REM-,0
519 67 657 118 GETIOO.

156 199 225 254 nse.
234 207 258 248 et
267 197 395 247 Teutonico
405 195 518 259 quondum
527 197 639 259 petefrem
648 195 736 252 furori,
776 194 828 246 299

158 264 225 314 cona
235 265 331 312 catenati
341 263 397 310 vidit
409 262 533 324 squalentis
544 261 637 311 Cimbri.

157 329 212 376 Vile
222 329 297 382 decus,
310 327 370 389 quod
381 341 427 373 non
438 327 511 374 erexit
519 328 618 389 praerius
628 328 715 374 horror.

157 391 268 456 Ingentes
278 393 393 455 geminant
403 391 531 439 discrimine
541 407 624 454 mogus
634 394 768 456 triumphos.
777 396 828 443 29⁵

159 457 221 512 Quid
232 465 309 520 turpes
315 459 364 520 jun
375 464 452 505 mente
460 456 534 519 iirgu.
547 457 600 519 quid
610 458 700 506 Gallice
709 473 762 506 rure

157 521 295 584 Respicitisi
312 521 424 582 latioque
433 522 487 568 libet
497 527 549 582 post
559 529 624 584 terge
634 523 712 569 relicto

157 585 319 650 Longinquum
329 585 431 648 profugis
443 586 533 632 Ararim
546 587 686 648 praecingere
696 585 793 634 cestris?

158 652 255 706 Scilicet,
268 651 360 699 Arctois
370 649 479 697 concessi
488 651 593 712 gentibus
601 650 671 706 Urbe,

159 715 268 765 Concidet
279 731 375 778 regnum
383 715 503 768 Rhodnnq
515 716 625 777 capitique
635 723 748 778 supertes
775 721 828 765 000

157 781 264 828 Truncus
274 781 333 828 erit?
351 780 446 826 Vestros
456 779 599 827 stimninntsi
608 781 705 843 pignore
715 796 803 842 smmis,

157 845 200 894 Me
211 861 299 907 quoque
309 860 355 892 uon
365 845 437 906 impnr
446 851 533 891 nature
543 859 598 892 curu
607 846 727 893 remordet.

157 910 210 959 Nec
219 911 279 958 ferro
292 911 323 957 sic
334 909 402 956 corde
411 909 493 971 rigent,
506 915 531 956 ut
541 907 608 956 misse
618 925 727 965 recusem,

159 975 235 1030 Quam
247 982 348 1022 sunctum
360 974 432 1020 soceri
442 987 532 1027 nomen,
544 988 611 1034 quem
622 975 688 1022 dulce
698 975 779 1029 mariti,

113 1065 119 1076 ι
158 1038 264 1093 Qumtus
274 1037 343 1100 prolis
353 1053 423 1084 arnor.
443 1038 489 1084 Sed
499 1052 620 1099 uunquam,
632 1040 700 1087 oblitu
710 1040 805 1095 decoris,

157 1103 294 1151 Obscoenmr
305 1103 411 1149 lutebrnm
420 1102 493 1163 pietus
502 1103 586 1166 igneve
595 1104 699 1165 requiret.
777 1110 828 1153 ³06

156 1167 209 1214 Neo
216 1162 280 1214 vobis
289 1165 354 1214 fortis
363 1167 469 1219 monitor,
481 1167 536 1214 mihi
546 1169 632 1216 mutim
641 1170 688 1215 uni.

158 1229 209 1279 Hic
220 1232 309 1294 conjux,
322 1228 362 1279 hic
371 1231 499 1293 progenies,
510 1229 550 1278 hic
561 1233 633 1279 cerior
643 1234 704 1280 omni

157 1295 223 1344 Luce
229 1309 312 1358 gener:
331 1303 383 1356 pers
393 1296 455 1342 nulle
464 1297 509 1342 mei
520 1296 628 1346 subducto
636 1299 750 1360 procelle⁴

158 1361 244 1422 Accipe
255 1368 280 1407 tn
291 1367 382 1414 nostrae,
393 1360 461 1406 tellus
472 1361 585 1414 (Enotriu,
597 1363 680 1409 mentis
776 1357 827 1412 810

158 1425 263 1480 Vincula,
273 1437 404 1472 communes
414 1431 489 1472 tecum
501 1426 617 1473 subeuntia
627 1442 706 1485 omum

157 1491 317 1553 Erdgusmque
324 1503 410 1536 morum
421 1489 492 1536 muris
502 1489 606 1552 impende
615 1493 720 1550 tuendis3

156 1556 223 1604 Dum
234 1556 308 1609 redeo,
319 1554 402 1602 lectum
413 1554 512 1601 referens
522 1555 545 1600 in
556 1555 648 1603 classice
657 1555 758 1604 robur.”

190 1620 238 1667 His
248 1621 313 1667 dictis
322 1619 397 1681 pavidi
407 1617 506 1666 firrnnvit
515 1619 595 1666 inertis
604 1622 668 1684 volgi

156 1685 254 1734 Pectore
260 1702 269 1743 ς
285 1683 445 1746 migrantisque
455 1683 533 1745 iugum
544 1685 682 1747 compescuit
692 1687 758 1734 uulae.
775 1688 826 1733 315

158 1752 267 1810 Ansaque
274 1756 323 1795 tum
333 1748 429 1809 primum
441 1749 538 1795 tenebris
548 1763 665 1811 emergere
674 1751 745 1812 pulsis

157 1815 276 1876 Hesperie,
289 1819 316 1859 ut
325 1827 400 1858 secum
407 1813 511 1874 junxisse
521 1814 619 1874 periculo
629 1815 685 1861 uidit

157 1880 297 1942 Augustum,
309 1883 417 1936 tantoque
425 1877 458 1922 sui
470 1879 533 1923 stetit
543 1874 619 1925 obside
628 1878 676 1925 feti.

189 1943 303 1995 Protinus,
316 1937 420 1986 umbrosi
430 1942 498 1987 vestit
508 1940 553 2002 qud
562 1943 616 1990 litus
626 1941 686 1991 olivi

156 2001 245 2060 Lurius,
255 2006 343 2052 etduici
353 2005 461 2052 mentitur
471 2005 549 2053 Neres
558 2005 637 2062 fluctu,
774 2003 826 2055 800

157 2069 231 2121 Parvi
240 2085 315 2133 puppe
325 2071 398 2116 lecum
408 2070 565 2131 praetervolet:
585 2086 655 2133 ocyus
665 2071 718 2120 inde

156 2136 248 2188 Scandit
257 2135 383 2181 inaccessos
393 2135 487 2180 brumali
499 2135 570 2182 sidere
579 2144 675 2191 montes,

154 2201 197 2250 Nil
207 2200 286 2246 hiemis
297 2199 376 2245 coelive
387 2213 480 2246 memor.
499 2199 538 2247 Sic
548 2197 592 2255 ille,
604 2202 732 2263 relinquent

153 2264 251 2328 Jejunos
261 2271 326 2310 antro
337 2263 429 2317 catulos,
442 2264 561 2312 immunior
570 2267 619 2312 exit

153 2325 256 2377 Hibemd
267 2329 308 2374 sub
318 2334 385 2373 nocte
394 2327 438 2381 leo,
449 2329 575 2390 tacitusque
584 2345 625 2391 per
634 2331 690 2378 11111
772 2334 823 2378 895

154 2393 244 2441 Incedit
253 2391 332 2437 suriule
342 2391 419 2438 nivesr
439 2399 500 2439 stant
508 2394 566 2441 colle
575 2395 668 2456 pruinis

152 2459 252 2518 Aspera:
271 2453 380 2501 flaventes
390 2455 509 2518 adstringit
519 2458 581 2505 stiria
591 2465 664 2506 sees:

151 2519 204 2566 Neo
214 2518 316 2564 meminit
325 2518 373 2572 leti,
385 2519 516 2582 nimbosque
526 2529 565 2569 rut
574 2522 659 2586 frigore
669 2531 740 2577 cum,

153 2583 218 2632 Dum
229 2582 287 2630 nutis
298 2581 402 2631 rumenti
413 2591 483 2648 puret-
502 2585 609 2637 Sublimis
620 2590 643 2636 in
655 2589 745 2638 Amen
