1892 2892
159 140 209 205 160
224 139 371 192 INPRIM.
384 138 480 201 CONS·
489 135 641 202 smlcn.
654 137 708 195 1111·
718 140 764 220 ili

161 272 225 328 Quid
234 285 281 320 non
290 267 413 332 intrepidus
423 267 554 323 credmcui
566 269 628 332 regin
638 275 689 317 tuto
791 276 837 319 δι’

165 336 288 390 Creditur?
305 335 360 382 Hoc
369 329 449 396 'clypeo
459 335 566 387 munitus,
579 334 699 381 Honorius
709 335 780 383 sitnm

163 401 221 455 an
231 400 318 464 gemuit
327 406 427 462 pstrem3
443 399 543 460 viteque
551 405 576 444 et
585 399 643 445 lucis
652 399 676 444 in
687 400 737 460 ipso
833 449 838 454 ,

164 466 263 520 Limine,
275 472 402 512 contemtus
412 478 529 524 nusquam,
541 463 579 509 dut
585 464 639 525 jura
649 465 746 512 subactis

166 531 286 584 Gentibus,
298 537 322 575 ct
332 543 408 576 secum
419 529 489 576 sentit
498 528 595 574 crevisse
605 528 753 589 triumpbosr*
795 531 837 577 65,

167 595 245 649 Quem
255 601 280 640 tu
291 594 323 640 sic
332 592 418 655 placidi
426 593 518 646 tonnas,
530 593 562 639 sic
572 599 649 638 mente
659 592 744 646 severi,

166 657 204 706 Ut
215 673 287 719 neque
297 658 387 704 desidiae
397 657 478 711 tradas
487 657 542 703 dum
551 671 637 718 pronus
647 657 676 703 ad
686 670 761 712 omne,

166 719 238 778 Q'uod
244 723 307 776 ubet,
320 723 460 783 obsequeris;
477 737 519 768 nec
528 728 608 768 contra
617 721 684 768 nixus
694 730 799 769 ovantem

167 787 306 849 confringas
316 787 429 845 nnimum;
445 793 544 833 secretus
554 799 654 834 eonsous
664 800 735 848 regno

169 853 216 900 Seu
221 854 330 915 juvenem
340 851 427 905 docens,
433 851 510 897 moles
520 849 574 910 quid
583 850 672 912 pubiios
680 858 774 911 posont3
799 853 836 898 70
898 909 902 913 .

169 918 216 965 Seu
226 923 328 962 sanctum
339 929 445 964 venerere
456 914 671 976 reum-patriisque
680 915 793 976 gubernes

167 979 291 1042 Imperium
302 980 407 1037 monitis;
423 978 538 1025 dominum
550 979 672 1025 submissus
681 979 769 1034 odores,

90 1079 92 1084 ,
169 1044 288 1105 Obsequiis
298 1044 414 1090 moderere
423 1043 510 1096 ducem,
522 1043 605 1103 pietate
614 1050 738 1104 parentem.

170 1105 236 1157 Hir'rc
245 1107 295 1162 fuit,
308 1115 333 1154 ut
342 1107 426 1169 primos
437 1108 460 1152 iu
471 1107 569 1167 conjuge
578 1105 673 1157 disseret
682 1107 763 1168 ignem
776 1147 779 1152 .

169 1172 289 1232 Ordirique
298 1172 380 1226 virum,
392 1186 438 1218 nou
448 1170 575 1216 luxuriante
579 1168 683 1230 juventi,
802 1175 836 1221 75

170 1237 216 1284 Sed
226 1251 278 1282 cnm
287 1237 340 1298 iege
346 1236 401 1289 tori,
413 1243 475 1282 custo
485 1249 537 1280 cum
548 1233 640 1289 foedere,
650 1235 726 1287 vellet.

169 1301 275 1362 Principe
285 1307 310 1346 tu
319 1300 374 1346 ieiix
384 1313 482 1360 genero:
499 1297 586 1346 felicior
595 1298 633 1344 ille

169 1365 205 1414 Te
216 1381 301 1410 socero.
316 1363 418 1410 Fratrem
428 1363 552 1409 leviorum
562 1376 617 1409 curs
626 1370 703 1410 tuetur

169 1429 305 1477 Arcadium:
324 1443 374 1481 neo,
386 1428 405 1474 si
416 1427 468 1488 quid
477 1428 538 1473 inem
548 1434 614 1487 etque
624 1428 692 1489 impia
702 1431 773 1484 turbs,

169 1493 316 1541 Praetendeus
326 1492 416 1555 proprio
427 1505 510 1538 nomen
520 1492 596 1553 regale
604 1491 683 1547 furori,
802 1499 836 1543 80

167 1559 267 1612 Audeat,
279 1557 383 1605 sdscribis
388 1557 482 1619 juveni:
500 1555 609 1607 discordis
618 1558 700 1618 quippe

169 1622 230 1671 Cum
240 1622 352 1675 fremeret,
364 1635 478 1681 nunqusrn
489 1620 598 1667 Stiliebon
609 1622 641 1666 sic
650 1622 743 1670 canduit
752 1621 793 1678 iri,

169 1689 237 1750 Saepe
246 1687 363 1734 lacessitus
372 1685 464 1747 probris,
477 1685 600 1745 gladiisque
609 1686 700 1746 petitus,

168 1750 206 1799 Ut
216 1751 275 1798 bello
284 1750 353 1796 furias
364 1750 442 1802 ultum,
454 1762 510 1809 quos
518 1747 615 1810 pertulit,
626 1750 670 1796 iret

167 1815 259 1869 Illicito,
271 1829 404 1874 mutamque
414 1813 477 1860 duret
487 1813 587 1860 civilibus
596 1814 672 1860 amris.

170 1880 249 1943 Hujus
258 1879 315 1926 fulto
324 1879 376 1932 fide,
387 1878 465 1924 mediis
476 1877 612 1924 dissensibus
621 1879 687 1934 auiae,

169 1943 357 1991 Intemerstorum
369 1943 439 1988 stabat
450 1942 573 1989 reverentis
582 1941 684 1988 fratrum.

170 2202 324 2260 Gestatosque
333 2200 390 2262 putri
400 2200 485 2261 capulis
495 2199 629 2246 radientibus
639 2215 712 2256 enses,

169 2263 205 2312 Et
215 2264 277 2310 vsrio
287 2263 384 2326 lapidum
395 2263 510 2312 distinctus
519 2264 574 2325 igne
583 2279 686 2316 coronas,

168 2327 262 2378 Dividit
273 2340 302 2374 ex
312 2342 392 2388 aequo;
409 2343 439 2374 ne
449 2343 495 2374 nou
506 2327 612 2389 Augusta
622 2328 730 2390 supellex,
831 2348 835 2358 ·

128 2417 132 2428 ι
170 2392 314 2452 Omatusque
323 2407 394 2454 pares,
406 2392 503 2454 geminis
513 2392 638 2440 baerodibus
647 2402 732 2440 essent.

168 2454 273 2502 Mittitur
283 2462 306 2502 et
315 2456 386 2509 miles,
399 2457 501 2517 quamvis
511 2457 632 2504 certamine
641 2464 717 2518 purten
802 2465 837 2509 95

168 2517 223 2565 Jar'n
234 2525 347 2565 tumeant:
366 2521 453 2566 bostem
464 2521 548 2567 muniri
557 2522 636 2567 robore
646 2523 726 2575 mavis,
781 2574 784 2580 Ι

168 2580 244 2634 Quam
254 2597 347 2643 peccare
356 2582 436 2630 iidem:
455 2586 565 2646 permittis
569 2585 634 2646 justa
642 2586 736 2646 petenti,

166 2641 240 2706 quue
251 2661 321 2710 negas
331 2647 410 2704 solum,
423 2651 487 2712 cujus
497 2666 552 2700 mox
562 2649 611 2716 ipse
619 2648 709 2712 repulsi
734 2699 740 2713 ,
825 2691 829 2698 .
