1892 2892
225 526 298 593 DE
329 528 523 594 BELLO
548 530 768 596 GETICO

425 691 565 746 urana.
601 683 603 686 ‘

162 1020 265 1072 Iuracrr
275 1038 327 1077 cunr
337 1023 434 1072 claustra
443 1019 502 1078 freti,
514 1022 646 1071 coeuntibus
657 1036 734 1086 aequor

160 1091 282 1136 Armatam
293 1089 396 1151 scopulis,
409 1088 498 1148 audax
491 1097 624 1151 crumperet
634 1089 709 1151 Argo,

161 1153 254 1200 AEetam
266 1151 408 1214 Colchusque
418 1159 511 1214 petens;
528 1154 631 1216 propiore
669 1154 723 1201 riclc

162 1218 274 1266 Omnibus
282 1218 389 1272 attcnrtrs
402 1170 838 1298 sclus(pcstnum1uaix'liphya‚

162 1281 302 1330 incolumem
313 1283 375 1330 tenui
386 1282 467 1329 damno
478 1280 580 1330 servisse
590 1283 687 1330 carinam

160 1345 251 1401 Fertur,
263 1353 287 1394 et
297 1339 415 1410 ancipitem
425 1347 510 1393 montis
519 1346 603 1394 vitasse
612 1348 706 1403 ruinam,

160 1411 310 1474 Decepthue
319 1423 386 1474 vagae
396 1423 507 1458 concursu
518 1412 579 1491 rupis
588 1412 612 1457 in
622 1412 693 1460 eitum

160 1476 284 1525 Victricem
295 1476 385 1524 duxisse
395 1482 473 1523 ratem
492 1473 604 1538 Stupuere
614 1478 722 1538 superba

160 1538 252 1590 Arte
230 1555 272 1588 run
265 1541 381 1595 'domitae
394 1539 570 1618 Sympipgndes5
586 1547 611 1588 et
620 1555 680 1588 nova
689 1555 763 1602 passae
834 1547 838 1567 ¹

161 1606 179 1655 J
180 1622 219 1654 ura
229 1607 278 1662 scii,
289 1604 376 1653 cunctis
386 1605 478 1652 ueues·
468 1621 517 1668 Jarn
519 1606 636 1668 puppibus
646 1607 739 1660 haerent,
799 1610 832 1653 10

161 1671 197 1719 Ut
207 1671 267 1718 vinci
277 1668 375 1718 didicire
385 1670 461 1716 semel.
481 1669 551 1724 Quod
562 1671 581 1717 si
591 1670 660 1716 ardua
669 1669 762 1732 'liphyn
834 1666 838 1705 ἱ

160 1735 235 1784 Naris
245 1736 274 1782 ob
283 1735 387 1782 innccuae
397 1734 502 1781 meritum
513 1735 546 1781 sic
555 1734 629 1796 gloria
638 1735 700 1782 vexit
705 1752 714 1794 ;

161 1800 223 1854 Qnae
233 1799 279 1854 tibi,
291 1814 332 1861 pro
343 1798 399 1846 tanti
409 1799 476 1860 pulso
484 1799 612 1847 discrimine
622 1799 694 1861 regni,

162 1863 280 1912 Sufficiant
289 1863 373 1917 laudes,
386 1863 514 1911 Stilichou?
530 1863 597 1911 Licet
607 1865 683 1911 omnia
691 1869 755 1911 vates

159 1926 190 1975 In
200 1930 272 1990 maJus
283 1929 392 1975 celebrata
400 1927 482 1982 ferant,
492 1928 501 1974 i
564 1943 608 1989 que
618 1928 720 1976 remudis
798 1930 831 1978 15

159 1993 246 2055 Argois
256 1993 354 2040 trabibus
360 1993 448 2054 jactent
458 2005 485 2039 su
560 1992 705 2052 Minervam,

160 2057 213 2106 Nec
224 2058 321 2104 nemoris
331 2058 435 2104 tantum·
425 2057 530 2120 Junrrisse
538 2057 637 2104 carentia
647 2071 715 2104 seusu

160 2121 260 2176 Rcbcra,
272 2122 317 2176 sed,
329 2135 389 2168 caeao
398 2121 485 2168 Tmarii
494 2121 561 2170 Jcris
560 2137 657 2194 augure
666 2123 726 2177 lucc,

159 2181 249 2234 Arbore
259 2175 578 2248 proesugitabulasanrmisse
586 2186 698 2248 loquaces.
832 2218 837 2224 -

159 2249 262 2299 Plurima
273 2250 312 2297 sed
322 2250 425 2311 quamvis
434 2251 503 2297 variis
512 2251 620 2298 miracula
626 2250 733 2299 monstris
797 2255 833 2299 20

158 2312 306 2376 Ingeminant
315 2321 404 2362 teneras
413 2314 518 2362 vincturo
527 2315 627 2362 carmine
634 2322 737 2374 merten

158 2377 317 2440 Harpyiasque
327 2386 409 2434 truces,
420 2379 567 2441 insopitisque
577 2378 676 2426 rdusuna

158 2441 278 2488 Tractibus
289 2444 360 2490 aurati
371 2444 487 2490 custodem
497 2444 586 2490 velleris
595 2459 701 2506 augum,

158 2503 210 2566 Etj
199 2519 257 2566 Juga
267 2511 381 2552 taurorum
393 2507 473 2569 rapidis
484 2509 585 2555 ambusta
594 2507 683 2562 taulus,

159 2567 194 2616 Et
204 2567 286 2614 virides
296 2569 367 2630 galeis
378 2571 459 2625 sulcos,
471 2571 572 2633 fetasque
582 2572 674 2619 cordes
799 2577 833 2624 25

160 2631 251 2687 Martis,
263 2633 319 2679 etin
331 2641 431 2695 segetem
442 2637 563 2684 crescentis
573 2637 659 2685 semina
667 2636 733 2694 belin
814 2634 819 2643 ’

832 1403 838 1431 i
