1892 2892
122 35 182 135 254
277 77 339 128 DE
351 77 397 130 1v.
408 76 505 130 CONS.
519 77 678 132 nononis

153 205 199 256 Per
210 213 297 270 strnges
308 208 407 268 equitare
416 203 478 254 libet⁴
494 207 534 255 Du
543 210 646 272 protinus
657 204 726 258 ernis.
809 214 813 222 “
936 234 939 309 q

154 271 203 336 Cur
214 287 284 318 annos
296 272 381 320 obicis?
398 287 482 335 pugnae
493 289 533 319 our
543 290 626 337 arguor
636 275 725 337 imper?
771 281 822 326 865

153 337 258 398 AEqunlis
269 338 323 384 mibi
335 337 436 398 Pyrrhus
447 345 503 395 erut,
514 355 566 385 eum
577 338 690 401 Pergama
699 341 762 389 solus

154 401 267 456 Verteret,
279 410 302 448 et
312 402 369 463 putri
380 417 425 448 non
437 401 583 466 degeneraret
595 404 687 451 Achilli.

155 465 261 528 Denique
272 466 290 513 si
302 468 404 529 princeps
415 468 493 514 cnstn's
504 469 589 515 haerere
599 469 704 530 nequibo,

154 530 200 578 Vel
211 532 275 579 miles
286 531 402 578 veniam.”
419 531 512 580 Delibit
523 532 595 579 dulcia
606 534 652 579 neti

154 595 245 650 Oscula,
258 597 394 660 miratusque
404 597 486 644 refert:
507 604 523 626 ‘⁴
532 596 654 644 Laudando
664 598 754 660 petisti:
771 603 826 650 ³70

154 660 199 707 Sed
209 660 304 708 festinus
315 678 385 708 amor·
404 661 490 708 Veniet
500 662 611 708 robustior
621 669 689 709 aetns:

152 723 193 771 Ne
203 741 309 788 propere:
329 727 424 774 necdum
435 727 533 773 decimas
543 741 648 773 emensus
658 728 745 783 αῐίεω,

154 791 294 852 Aggrederis
305 791 423 838 metuende
433 793 495 837 viris.
518 791 623 853 Vestigia
633 789 724 855 msgnae

154 851 240 902 Indolis
251 871 358 918 agnosco.
378 855 460 902 Fertur
472 855 578 909 Pellaeus,
590 857 668 904 Eoum

155 919 201 974 Qui
213 921 299 967 domuit
310 920 402 973 Porum,
416 935 467 966 curn
479 936 584 983 prospere
595 937 655 985 saepe
666 920 764 987 Philippi
770 927 824 976 375

154 984 257 1041 Audiet,
268 987 334 1032 laetos
345 985 403 1030 inter
413 983 504 1032 flevisse
514 986 622 1040 sodales„

154 1049 197 1096 Nil
208 1051 247 1098 sibi
259 1049 391 1096 vincendum
403 1050 472 1112 petris
483 1051 567 1097 virtute
577 1051 679 1112 relinqui.

126 1158 130 1167 ,
155 1113 208 1160 Hos
220 1114 284 1160 video
295 1122 383 1160 motus:
402 1114 436 1160 fau
448 1115 478 1160 sit
487 1118 618 1177 promittere
628 1116 698 1177 putris

153 1178 243 1225 Tantus
254 1179 312 1225 eris:
333 1185 410 1224 nostro
421 1193 463 1225 nee
475 1179 541 1226 debes
551 1195 622 1241 regns
632 1180 712 1234 favori,

155 1242 215 1297 Quae
226 1243 265 1289 tibi
272 1245 320 1306 jam
332 1242 420 1290 Natura
430 1243 498 1291 dedit.
518 1244 556 1291 Sic
566 1245 669 1291 mollibus
680 1246 734 1292 olim
773 1251 826 1297 880

155 1307 385 1356 stridulsuucturum·
394 1309 463 1369 pratis
474 1309 576 1355 exannnu
588 1325 665 1372 regem

153 1371 292 1420 Nascentenr
303 1383 438 1422 venerantur
449 1387 509 1435 apes,
522 1382 545 1420 et
555 1375 642 1435 publiea
652 1375 725 1422 mellis

152 1437 170 1487 J
171 1454 210 1485 ura
221 1446 306 1501 petunt,
319 1437 453 1498 traduntque
463 1438 541 1485 funosr
561 1439 594 1485 sio
604 1455 686 1501 puseus
696 1456 778 1502 pervus

153 1502 267 1556 Vindicet,
280 1513 310 1559 et,
323 1503 417 1550 necdum
429 1503 522 1560 firmatis
533 1505 644 1557 cornibus,
656 1505 729 1552 sudux

152 1567 170 1617 J
171 1585 206 1616 nm
218 1569 276 1632 regit
286 1576 412 1616 armentum
423 1569 507 1615 vitulus
514 1586 526 1615 :—
540 1569 579 1615 sed
589 1569 669 1630 proeliu
679 1569 743 1616 diillrr
771 1576 823 1621 885

153 1631 183 1679 ln
190 1635 313 1697 juvenem;
329 1634 460 1696 patiensque
470 1649 546 1679 meum
558 1633 689 1682 cumfratre
699 1643 770 1695 tuere,

147 1698 196 1745 *Me
207 1699 309 1750 bellante,
322 1699 405 1746 locum.
421 1696 472 1743 Vos
483 1699 606 1760 impacatus
617 1700 713 1754 Araxes,

152 1763 204 1810 Vos
215 1763 273 1809 celer
284 1762 412 1824 Euphrates
423 1762 515 1810 timeat:
534 1764 565 1809 sit
575 1761 644 1810 riuus
654 1765 736 1827 ubique

153 1827 244 1882 Vester,
256 1835 280 1874 et
290 1827 377 1874 emisso*
382 1827 488 1888 quidquid
500 1827 540 1874 Sol
550 1827 630 1874 imbuit
640 1837 700 1876 ortu.

147 1893 178 1948 si
189 1899 280 1962 puteant
290 1892 368 1953 Alpes,
380 1892 459 1938 hubent
470 1891 490 1938 si
500 1908 567 1940 muse
577 1894 688 1941 secundos
769 1899 824 1946 89)

151 1958 168 2007 J
170 1958 240 2004 ustior
250 1964 351 2010 eventus,
363 1957 443 2010 aderis,
454 1965 574 2018 partesque
584 1966 686 2020 receptus

154 2022 281 2083 Suscipies;
298 2021 459 2068 animosa'tues
470 2029 496 2067 ut
506 2023 655 2084 Gallieleges

150 2087 246 2140 Audiet,
254 2093 277 2132 et
288 2093 377 2132 nostros
388 2101 466 2152 aequus
476 2087 598 2134 modereris
609 2085 694 2135 iberos.

152 2151 220 2199 Tune
231 2166 282 2213 ego,
294 2165 385 2197 securus
395 2151 443 2204 suti,
455 2152 566 2212 laetusque
576 2153 683 2207 laborum,

153 2215 284 2266 Discedam,
296 2216 360 2262 uobis
371 2224 490 2277 utrumque
501 2216 629 2278 regentibus
639 2232 713 2264 axem.
770 2225 825 2274 825

154 2279 245 2326 Interea
256 2279 339 2334 Musis,
351 2281 439 2327 animus
450 2282 504 2327 dum
514 2281 610 2335 mollior,
621 2282 705 2331 instes:

152 2344 194 2397 Et,
207 2359 257 2406 ques
268 2359 323 2390 mox
333 2345 427 2399 imitere,
439 2346 518 2408 legus3
534 2360 576 2392 neo
586 2346 673 2394 desinet
683 2363 782 2411 unqum

71 2417 77 2424 ‘
149 2408 240 2456 -Teoum
252 2409 322 2456 Graia
332 2409 402 2471 loqui,
414 2415 490 2458 tecum
500 2410 605 2457 Romans
615 2419 724 2461 vetustus.

51 2491 53 2496 ·
152 2473 267 2534 Antiquos
278 2474 358 2520 erolve
368 2475 452 2522 ducesr
471 2489 575 2524 wuesoe
583 2475 667 2523 future

153 2537 267 2588 Militiae:
279 2536 372 2586 Latium
381 2548 442 2588 retro
453 2547 477 2586 te
487 2539 597 2586 confetiri
608 2555 691 2589 aevurn.
750 2562 754 2570 ¹
766 2549 828 2600 ,m

153 2601 256 2650 Libertus
266 2603 362 2664 quarite
370 2605 584 2667 pleeet?:mirnbete
594 2604 701 2655 Brutum.
720 2647 723 2654 .
