1892 2892
332 511 390 574 IN
422 475 698 575 nummum

434 677 540 724 LIBER
557 675 592 722 11.

178 845 248 854 „nn-‘a—

178 953 241 1007 Jnm,
254 961 305 1015 post
316 955 424 1001 edomitus
436 953 514 1015 Alpes,
527 954 662 1016 defensaque
672 969 743 1016 regna

180 1019 306 1079 Hesperias,
321 1019 400 1065 meriti
410 1021 542 1082 complexus
553 1020 606 1066 sede
616 1029 739 1082 parentem,

180 1083 277 1130 Auctior
287 1084 373 1146 adjecto
384 1083 485 1145 fulgebat
496 1084 689 1141 aidere'mundua3

178 1147 277 1208 Jamque
287 1149 340 1202 tuis,
354 1148 471 1201 scincum,
485 1149 590 1194 Romana
600 1150 700 1210 potentia
710 1148 778 1201 curia,

179 1213 214 1260 Et
225 1227 299 1258 rerum
311 1214 444 1260 commissus
455 1228 526 1274 apex:
546 1213 585 1259 tihi
596 1214 680 1260 credita
689 1212 784 1259 fratrum
838 1215 854 1260 5

181 1277 284 1337 Utraque
295 1279 406 1340 majestas,
419 1279 563 1338 geminaque
574 1275 686 1325 citercitua
697 1278 763 1324 aulae.

179 1341 277 1396 Rufinus
289 1343 443 1405 (nequeenim
455 1343 570 1404 patiuntur
581 1358 644 1391 saeva
653 1343 752 1404 quietem

179 1406 287 1460 Crimina,
299 1407 436 1470 pollutaeque
447 1415 532 1468 negant
542 1422 643 1455 arescere
652 1407 741 1468 fauces)

180 1469 283 1518 Infandis
294 1469 375 1520 iterum
387 1479 457 1520 terras
468 1472 590 1520 accendere
599 1473 663 1520 bellis
683 1483 691 1496 ·

180 1535 282 1589 Inchoat,
296 1544 318 1583 et
330 1537 395 1583 solito
406 1553 485 1599 pacem
497 1542 580 1584 vexare
590 1538 696 1585 tumultu.
822 1540 856 1583 lo

179 1601 241 1648 Haec
252 1602 318 1648 etiam
330 1617 419 1650 secumr
442 1610 457 1632 “
467 1600 573 1656 Quium
585 1603 672 1649 ratione
682 1603 761 1649 tuebor

179 1667 248 1728 Spem
261 1667 313 1714 uitae
324 1666 444 1728 fragilem?
462 1666 507 1726 qui
517 1674 552 1713 tot
562 1667 672 1729 depellere
682 1666 765 1713 fluctua

179 1733 238 1778 Arte
248 1732 345 1792 queam?
362 1747 451 1792 premor
462 1733 514 1778 hinc
525 1731 582 1778 odila
588 1749 596 1788 ;
612 1733 665 1778 hinc
676 1732 747 1778 milite
757 1732 849 1793 cingor.

179 1795 246 1843 Heu!
263 1797 316 1856 quid
327 1795 408 1857 agam?
424 1811 470 1842 non
482 1811 546 1843 arma
553 1797 614 1851 milri,
627 1812 673 1844 non
681 1796 787 1858 principia
796 1797 858 1843 ullus

179 1861 309 1908 Auxilialur
320 1876 390 1908 amor.
410 1859 505 1911 Matura
515 1861 613 1922 pericula
623 1869 721 1924 surgunt
826 1864 857 1909 15

181 1925 302 1986 Undique;
320 1932 343 1972 et
354 1926 452 1987 impositi
463 1926 550 1972 radiant
560 1927 683 1973 cervicibus
693 1941 767 1974 ennea.

181 1991 243 2045 Quid
255 1999 329 2044 tentat,
343 1990 385 2036 nini
397 1998 479 2037 cuncta
489 2005 549 2037 novo
561 1990 698 2038 confundere
708 1991 780 2045 luctu,

181 2055 333 2117 Ineuntepque
343 2071 400 2102 meae
412 2056 507 2117 populos
518 2055 612 2102 miscere
623 2055 711 2102 ruinae?

181 2120 271 2167 Everao
278 2122 345 2183 juvat
355 2121 409 2168 orbe
419 2120 492 2168 mori:
511 2120 590 2167 achaia
600 2121 647 2168 leto
706 2157 709 2164 .
724 2156 727 2164 .

936 1284 941 1313 i

933 1398 943 1529 i

181 2186 284 2232 Exitium
296 2200 417 2232 commune
427 2185 501 2232 dabit:
519 2186 728 2232 necterritueaute
825 2191 859 2233 20
938 2233 943 2241 ,

181 2250 317 2297 Discedam:
338 2266 390 2297 cum
401 2250 452 2298 luce
463 2249 530 2297 simul
540 2251 662 2310 linquenda
671 2249 798 2312 potesta&

215 2314 276 2362 Haec
286 2313 352 2368 fatus,
365 2315 440 2362 ventis
450 2315 521 2361 veluti
532 2316 551 2361 ai
561 2314 626 2362 frena
636 2315 736 2361 remittat

182 2380 272 2433 AEolua,
284 2380 377 2441 abrupto
388 2387 469 2442 gentes
480 2378 514 2425 uic
524 2379 595 2439 oajioe
605 2379 671 2433 ludit,

183 2443 325 2504 Laxavitque
334 2445 394 2491 viam
405 2445 482 2491 bellis:
502 2449 533 2496 et,
546 2459 631 2504 nequa
640 2451 743 2491 maneret

185 2507 298 2554 immunis
310 2509 380 2570 regio,
393 2509 478 2555 cladem
489 2507 566 2554 divisit
575 2509 600 2554 in
611 2509 695 2562 orbem,
829 2517 862 2562 25

183 2573 348 2634 Disposuitque
359 2572 428 2619 nefas.
448 2573 496 2620 Alii
507 2588 548 2634 per
557 2580 624 2634 terga
632 2572 715 2634 ferocia

183 2637 286 2686 Danubii
294 2637 388 2684 solidata
399 2645 475 2692 ruunt,
487 2644 625 2700 expertaque
636 2651 711 2686 remos
