1892 2892
173 67 223 111 sss
290 61 430 127 usurus
444 61 610 112 enorme.
630 60 684 110 nu
698 61 733 110 u.

174 188 257 239 Ionos
268 192 319 248 tels,
329 189 410 254 puter?
426 190 459 238 sic
469 205 508 238 me
518 190 644 238 crudelibus
655 191 740 240 umbris
801 197 852 243 251

175 255 282 310 Tradere,
294 257 327 303 sic
338 264 387 303 toto
397 255 481 317 placuit
492 255 602 318 depellere
612 253 714 303 mundo?

177 321 277 368 Nullane
287 328 311 379 te
321 320 393 368 flectit
401 318 492 382 pietus?
509 320 633 369 nihilumne
643 329 744 384 putemne

176 385 265 433 Mentis
274 385 351 432 inest?
368 393 442 434 tantus
452 401 497 446 quo
509 385 603 433 crimine
613 387 726 434 movimus
736 385 800 436 irus?

174 449 231 498 Non
242 467 294 514 ego,
306 466 359 498 cum
370 449 447 512 rspido
458 451 549 498 saeviret
559 449 659 514 Phlegra
670 452 776 508 tumultu,
800 457 856 502 255

176 516 249 578 signs
259 515 318 564 Deis
328 516 422 562 adversa
432 516 488 562 tuli:
508 530 554 562 non
565 517 645 564 robore
656 525 745 568 nostro.

86 579 91 598 “
176 580 236 628 Ossa
246 581 377 644 pruinosum
388 581 451 628 verrit
460 581 561 643 glacialis
573 581 705 644 Olympum·

178 645 248 699 Quod
258 654 338 694 consts
349 645 418 700 nefus,
431 654 469 692 sut
480 647 544 708 cujus
554 647 644 694 conscio
655 661 730 702 noxae,

178 710 254 758 Exsul
262 712 292 759 sd
302 712 411 759 immunes
421 711 492 757 Erebi
503 711 610 760 detrudor
621 711 713 760 histos?

179 776 344 832 Ofortunutss,
357 777 394 824 ulii
405 791 557 837 quascumque
568 777 668 824 tulerunt
802 782 856 826 260

176 841 304 905 Raptores!
323 843 403 889 saltem
414 841 529 888 communi
540 842 588 888 soie
597 840 710 889 fruuntur.

179 907 225 954 Sed
236 907 290 966 mihi
301 907 418 970 virginitas
428 907 511 968 psriter
521 907 649 968 coelumque
660 913 769 969 negotiu:

178 971 281 1034 Eripitur
291 987 343 1018 cum
354 971 405 1018 luce
415 971 501 1032 pudor:
521 972 630 1033 terrisque
640 972 730 1029 relictis,

178 1038 292 1084 Servitum
303 1036 386 1098 Stygio
397 1036 566 1098 ducor'cuptivu
577 1044 682 1098 tyranno.-

177 1101 200 1148 Ο
211 1101 270 1148 rnsle
280 1100 358 1148 dilecti
366 1099 441 1154 flores,
453 1101 603 1162 despectaque
613 1102 692 1150 matris
801 1105 852 1150 265

178 1164 293 1214 Consilia!
311 1181 326 1212 o
336 1163 434 1212 Veneris
446 1166 563 1228 deprensae
574 1166 645 1214 serius
656 1165 729 1216 artes!

178 1231 264 1284 Mater,
275 1228 312 1278 io!
330 1245 371 1278 seu
382 1239 405 1278 te
417 1229 525 1293 Phrygiis
535 1232 558 1278 in
570 1231 664 1279 nullibus
675 1229 726 1280 ldae

176 1295 309 1358 Mygdonio
319 1296 393 1344 buxus
403 1296 555 1343 circumsonat
565 1296 655 1344 horrida
665 1304 740 1352 cantu,

178 1361 225 1408 Seu
236 1368 261 1407 tu
273 1361 402 1423 sanguineis
413 1361 522 1408 ululantis
533 1359 651 1422 Dindyma
663 1361 735 1410 Gallis

178 1425 271 1479 Incolis,
283 1434 307 1473 et
317 1427 408 1475 strictos
420 1423 530 1474 Curetum
542 1427 634 1490 respicis
645 1442 718 1482 enses,
802 1430 856 1478 270

178 1492 259 1540 Exitio
270 1507 376 1539 succurre
386 1507 451 1538 meo:
470 1507 589 1553 compesce
598 1491 726 1540 furentem:
772 1551 774 1554 v
797 1530 800 1536 ,

181 1557 313 1620 Comprime
322 1555 403 1603 ferales
414 1556 474 1602 torvi
484 1556 597 1617 praedonis
608 1554 733 1604 hsbenas.”

210 1621 304 1669 Tulibns
314 1622 353 1668 iile
362 1621 427 1668 ferox
437 1620 510 1674 dictis,
523 1619 623 1682 fletuque
633 1622 723 1678 decoro,

179 1686 292 1741 Vincitur,
305 1695 328 1733 et
338 1687 404 1748 primi
415 1687 510 1748 suspiria
521 1687 590 1734 sentit
600 1687 691 1734 amoris.

179 1751 247 1800 Tunc
256 1752 386 1814 ferrugineo
397 1751 508 1812 lacrymas
519 1752 616 1814 detergit
627 1752 718 1806 amictu,
803 1753 854 1801 2¹15
944 1811 945 1816 ¹

180 1817 215 1864 Et
224 1814 311 1880 placidi
321 1823 428 1864 moestum
440 1817 525 1863 solstur
535 1833 592 1864 voce
602 1817 717 1864 dolorem:

213 1882 326 1932 “Desine
336 1880 432 1928 funestis
442 1882 550 1934 ssimum,
563 1881 706 1944 Proserpina,
718 1879 786 1936 curis,

178 1947 213 1995 Et
223 1962 283 1994 veno
294 1961 376 1998 uexere
387 1954 456 1994 metu.
477 1946 568 2009 quora
578 1947 689 1994 dabuntur

180 2014 280 2075 Sceptra,
293 2027 335 2058 nec
346 2011 433 2073 indigni
444 2012 515 2060 taedas
525 2008 610 2074 patiere
620 2011 702 2060 muniti.

178 2076 223 2124 Ille
232 2092 277 2139 ego
288 2076 383 2138 Saturni
390 2077 471 2137 proles,
484 2077 520 2124 cui
531 2077 635 2126 muchins
645 2090 720 2124 rerum
803 2079 857 2125 280

180 2142 262 2195 Servit,
274 2149 298 2188 et
308 2143 443 2188 immensum
455 2141 528 2188 tendit
537 2157 577 2204 per
587 2142 655 2190 inune
665 2147 775 2204 potestus.

179 2206 298 2253 Amissum
309 2221 339 2254 ne
349 2206 415 2253 crede
425 2206 498 2254 diem:
518 2213 572 2253 sunt
582 2207 652 2254 ultera
662 2205 727 2254 nobis

179 2271 265 2323 Sidera.
276 2277 331 2316 sunt
341 2271 407 2317 orbes
417 2271 468 2319 ulii:
487 2271 610 2332 lumenque
619 2271 705 2318 videbis

180 2335 277 2390 Purius;
294 2334 446 2396 Elysiumque
455 2336 529 2398 msgis
540 2337 649 2384 mirabere
659 2336 738 2390 solem,

179 2397 330 2458 cultoresque
339 2399 396 2461 pios.
416 2397 466 2446 Illic
478 2401 596 2463 pretiosior
608 2408 671 2456 aetss,
803 2403 858 2449 285

179 2462 257 2507 Aures
267 2463 394 2523 progenies,
405 2464 519 2512 hubitant:
538 2481 671 2528 semperque
682 2470 794 2518 tenemus.

178 2523 249 2577 Quod
260 2524 340 2585 Superi
352 2525 454 2574 metuere
465 2530 542 2576 semel
562 2529 614 2578 Nec
625 2529 797 2580 maurocenum

178 2587 248 2636 Pron
258 2588 305 2635 tibi·
326 2589 437 2653 Zephyris
447 2593 493 2642 illic
504 2593 633 2646 melioribus
644 2595 720 2646 hulnnt
