1892 2892
246 79 297 133 nn
311 82 357 135 1v.
371 83 469 164 cous
484 48 645 139 uouonn.
748 93 781 137 ro

107 209 133 259 Si
145 207 251 260 dominus
261 210 376 272 legeretur
385 209 457 271 aquis,
470 217 509 257 tus
518 217 623 272 posceret
633 211 693 258 ultro

106 275 217 330 Verbera,
230 274 357 322 Nereidum
369 275 460 322 stabulis
471 276 577 328 nutritus,
590 276 679 334 Arion3
733 277 782 324 555

107 342 256 402 serviretque
266 341 318 393 tuis,
331 347 448 386 contemto
460 338 563 395 Castore,
574 339 644 387 irenis

105 405 231 468 Cyllarus3
248 412 272 452 et
281 405 366 452 flavum
379 404 490 450 Xanthus
501 405 623 466 sprevisset
633 405 755 453 Achillem.

103 470 161 533 Ipse
172 472 211 517 tibi
222 470 317 516 famulas
327 470 437 532 praeberet
449 468 552 531 Pegasus
563 469 617 524 das,

106 535 261 596 Portaretque
271 536 358 591 libens;
375 534 512 595 melioraque
522 535 621 596 pondera
630 551 717 598 pasus,

104 599 310 662 Bellerophonteas
320 598 477 660 indignaretur
486 601 591 646 habenas.
732 603 783 648 550

108 665 173 719 Quin
184 666 252 711 etiam
264 665 331 710 velox
343 666 441 710 Aurorae
453 666 554 718 nuntius,
567 664 664 720 AEthon,

107 731 155 785 Qui
167 729 233 792 sugat
244 730 331 775 hinnitu
344 729 426 782 stellas,
440 745 551 789 roseoque
561 730 666 776 domatur

107 795 224 847 Lucifero,
237 795 325 854 quoties
336 793 434 854 equitem
446 801 469 840 te
480 795 553 840 cernit
563 795 591 840 ab
602 795 675 848 astris,

107 860 207 913 Invidet,
221 860 288 919 inque
300 859 345 906 tuis
356 859 443 905 mavult
454 873 559 920 spumare
569 859 659 920 lupatis.

141 925 212 971 Nunc
221 939 311 986 quoque
318 938 374 985 quos
381 923 476 978 habitus,
485 932 575 985 quantae
582 924 688 970 miracula
693 939 784 987 pompae

108 989 223 1044 Vidimus,
235 990 340 1035 Ausonio
351 1003 403 1035 cum
410 991 458 1051 jam
471 990 598 1035 succinctus
609 990 694 1036 amictu
734 994 783 1036 566

109 1054 156 1103 Per
169 1054 281 1116 Ligurum
293 1054 387 1116 populos
399 1055 466 1100 solito
477 1055 619 1116 conspectior
627 1055 680 1108 ires,

109 1119 190 1180 Atque
200 1120 259 1165 inter
270 1119 346 1164 niveas
358 1119 402 1164 alte
413 1120 520 1165 veherere
530 1121 634 1166 cobortes
640 1135 649 1176 ;

110 1185 251 1244 Obnixisque
263 1183 329 1229 simul
339 1185 409 1245 pubes
420 1183 492 1230 electa
502 1184 591 1230 lacertis

110 1249 228 1297 sidereum
239 1255 340 1310 gestaret
351 1247 423 1296 onus!
443 1249 482 1295 Sic
493 1249 586 1295 numina
596 1247 714 1311 Memphis
733 1251 784 1297 570

107 1313 138 1362 Iu
151 1315 234 1375 vulgus
245 1312 345 1374 proferre
355 1313 426 1360 solet:
445 1314 596 1374 penetralibus
606 1315 653 1360 exit

108 1379 223 1441 Effigies3
239 1378 313 1424 brevis
324 1378 362 1424 illa
372 1377 477 1438 quidem:
497 1379 537 1424 sed
548 1379 657 1440 plurimus
667 1378 726 1427 intra

108 1444 205 1506 Liniger
216 1443 321 1504 imposito
333 1443 429 1504 suspirat
440 1450 505 1488 veste
515 1444 627 1497 sacerdos,

107 1510 218 1558 Testatus
229 1508 310 1554 sudore
321 1506 407 1554 Deum.
427 1507 528 1554 Nilotica
540 1508 611 1553 sistris

106 1575 169 1637 Ripa
180 1581 252 1627 sonat,
269 1572 407 1633 Phariosque
417 1573 498 1619 modos
509 1572 622 1634 AEgyptia
632 1571 695 1618 ducit
732 1573 782 1620 575

105 1639 188 1698 ᾝὺίιι
207 1638 323 1684 submissis
334 1637 436 1698 admugit
448 1639 553 1684 cornibus
564 1636 631 1698 Apis.

106 1705 190 1753 Omnia
202 1703 313 1756 nobilitas,
326 1703 400 1748 omnis
410 1710 449 1749 tua
461 1718 524 1749 sacra
533 1702 679 1763 frequentant

105 1769 230 1831 Thybridis
240 1774 264 1824 et
275 1766 335 1812 Latii
348 1767 448 1814 soboles:
468 1769 575 1814 convenit
585 1768 609 1814 in
621 1782 691 1813 unum
773 1763 777 1773 '

106 1832 223 1894 Quidquid
231 1833 255 1877 in
264 1833 317 1878 orbe
324 1831 367 1879 fuit
374 1847 492 1894 procerum
497 1851 505 1890 3
515 1834 595 1894 quibus
603 1842 681 1880 auctor
688 1830 781 1880 honoris

104 1897 152 1946 Vel
163 1907 196 1952 tu,
209 1897 246 1944 vei
255 1898 359 1958 genitor:
379 1911 501 1944 numeroso
512 1899 605 1946 consule
614 1897 695 1944 consul
730 1901 780 1945 580

106 1961 222 2026 cingeris,
235 1970 258 2008 et
270 1962 343 2008 socios
354 1963 439 2024 gaudes
450 1962 568 2009 admittere
579 1963 668 2011 Patres.
761 1993 769 2012 0

103 2025 195 2075 Illustri
204 2034 227 2074 te
237 2027 300 2089 prole
310 2027 398 2088 Tagus,
411 2034 434 2073 te
447 2028 522 2074 Gallia
533 2028 605 2074 doctis

104 2094 209 2146 Civibus,
222 2101 246 2138 et
257 2099 305 2137 toto
317 2093 408 2155 stipavit
419 2092 496 2139 Roma
506 2102 592 2140 senatu.

104 2159 215 2207 Portatur
221 2159 333 2219 juvenum
345 2157 467 2204 cervicibus
478 2173 545 2205 aurea
556 2158 628 2212 sedes,

103 2224 238 2283 ornatuque
249 2235 310 2267 novo
321 2222 412 2283 gravior
423 2221 505 2270 Deus:
525 2232 613 2285 asperat
624 2221 698 2286 Indus
728 2224 778 2271 585

102 2288 241 2348 Velamenta
252 2287 315 2347 lapis.
327 2288 470 2348 pretiosaque
480 2287 517 2335 iila
528 2289 652 2350 smaragdis

101 2352 184 2402 Docta
194 2351 281 2406 virent:
302 2353 442 2414 amethystus
455 2354 528 2410 inest3
546 2360 570 2399 et
579 2353 655 2414 fulgor
667 2349 746 2398 Ibenrs

102 2418 227 2479 Temperat
238 2416 325 2463 arcanis
336 2417 450 2478 hyacinthi
462 2417 547 2464 coerula
557 2417 662 2463 flammis.

100 2483 155 2532 Nec
167 2483 227 2529 rudis
238 2482 262 2527 in
274 2482 313 2528 tali
325 2481 413 2529 suffecit
423 2483 496 2545 gratia
506 2489 585 2529 textu:

15 2561 23 2568 “
100 2550 183 2611 Auget
193 2563 248 2594 acus
258 2548 364 2594 meritum
373 2564 381 2605 3
393 2547 574 2609 picturatumque
584 2545 681 2593 metallis
730 2547 780 2592 590

100 2613 168 2663 Vivit
177 2626 243 2678 opus.
256 2609 374 2674 maritique
384 2618 495 2661 ornantur
504 2611 590 2676 iaspide
600 2611 684 2664 cuitus
725 2653 728 2659 .
