1892 2892
173 131 213 184 m
225 125 321 185 Fului.
330 131 426 184 eous.
440 130 588 184 sumen.
602 131 656 185 Lm
666 130 702 182 lt
731 138 778 185 iss

105 257 210 319 Arium,
221 261 306 326 antiqui
316 263 401 326 species
411 257 518 311 Romane
527 261 626 312 umetis.
725 263 775 308 402

79 324 84 334 ⁴
105 328 248 392 Pompeiane
257 328 340 376 dubunt
350 336 445 390 quantos
455 327 572 392 proscenis
581 325 686 390 plenum!

10 429 13 434 .
105 393 149 441 Ad
158 393 241 440 coelum
253 393 340 455 quoties
349 393 414 440 vallis
424 393 463 439 tui
474 390 566 440 Murcia
572 393 639 440 ducet

105 457 210 513 Nomen,
222 457 338 505 Auentino
349 455 510 518 Pallanteoque
520 455 622 504 recessu!
726 456 776 503 405

105 522 180 570 Nune
191 530 215 569 te
224 522 360 585 conspiciam
371 523 455 577 castris,
464 521 577 584 permitte,
589 519 678 574 relictis,

107 585 172 636 Mox
182 594 207 635 et
216 600 268 634 cum
276 601 361 650 genero
371 587 452 634 trabeis
463 586 539 633 visure
548 580 676 633 secundis.”

142 651 205 698 Haec
215 653 268 714 dum
280 649 357 699 Roma
366 651 440 706 refert,
447 652 497 714 jtun
508 649 580 698 Fame
587 649 718 712 loquacibus
728 647 771 696 elis

108 715 219 763 Pervolat
229 715 345 763 Oceanum
353 733 361 774 3
377 715 462 780 linguis
471 722 497 762 et
505 715 567 762 mille
576 713 657 762 citatos

108 779 229 828 Festinure
234 781 300 843 jubet
310 795 426 843 proceres:
445 779 501 826 nulli
517 786 668 833 uesenectus,
727 779 778 824 410

109 844 168 892 Non
178 845 228 900 iter,
240 845 337 892 hibernis
348 847 437 892 obstant
447 857 490 891 nee
530 843 588 891 tibus
596 843 676 906 Alpes.

109 905 191 956 Vincit
201 919 264 957 emor
274 909 348 957 meriti
357 909 450 972 pridem,
462 909 560 970 clarique
570 908 665 956 vetustis

108 973 220 1023 Fascibus
230 975 258 1022 ed
272 975 327 1022 socii
352 979 457 1036 ruperunt
466 980 491 1020 et
499 973 594 1020 vindicis
604 983 697 1021 annum.

144 1037 190 1094 Sic,
203 1035 240 1086 ubi
249 1037 345 1086 fecundo
355 1037 465 1102 reperavit
475 1045 549 1085 morte
553 1039 680 1102 juventam,

107 1105 146 1154 Et
155 1105 239 1166 patrios
249 1105 308 1152 idem
319 1105 412 1158 cineres,
423 1103 560 1165 collectaque
569 1108 645 1165 portet
730 1098 782 1147 415

110 1169 236 1232 Unguibus
247 1185 298 1216 ossa
307 1169 356 1232 piis,
365 1167 461 1230 'Nilique
471 1167 500 1215 nd
509 1167 575 1214 litore
584 1165 687 1222 tendens,

110 1228 205 1282 Unicus
215 1240 316 1280 extremo
327 1231 427 1280 Phoenix
436 1232 537 1295 procedit
546 1232 574 1280 ab
583 1231 664 1290 Eur03

110 1297 260 1347 Conveniunt
270 1298 357 1359 equile,
368 1295 502 1358 'eunctaeque
512 1311 542 1344 ex
552 1297 605 1344 orbe
614 1296 726 1350 volueres,

111 1362 152 1411 Ut
162 1363 222 1410 Solis
232 1361 342 1410 mirentur
352 1377 431 1409 averni
450 1362 529 1424 procul
538 1361 606 1424 ignee
615 1361 676 1412 lucet

111 1427 178 1481 Ales,
190 1427 277 1474 odorati
285 1427 386 1474 redolent
393 1424 540 1474 cuicinnama
548 1425 615 1472 busti.
730 1423 784 1470 420

111 1491 167 1538 Nec
176 1491 251 1540 minor
261 1491 285 1539 in
293 1491 352 1538 coelo
363 1491 444 1538 chorus
455 1498 503 1538 est:
522 1490 620 1538 exsultat
630 1497 724 1550 uterque

110 1553 264 1612 Tbeudosius,
276 1555 377 1618 Diuique
387 1556 427 1602 tui
447 1553 489 1604 Sol
498 1555 553 1617 ipse,
564 1553 678 1616 quadrigis

111 1618 176 1670 vere
186 1619 306 1678 coronatis,
318 1621 412 1684 dignum
422 1621 462 1668 tibi
471 1625 583 1684 praepurtt
593 1631 685 1665 annum.

145 1685 193 1734 Est
202 1686 281 1748 ignote
291 1685 376 1748 procul,
387 1693 517 1746 nostraeque
526 1683 633 1746 impervia
642 1677 721 1736 menti,

110 1749 163 1800 Vix
173 1750 275 1798 edeuudu
285 1750 350 1806 Deis,
362 1763 472 1798 annorum
484 1749 583 1810 squalida
592 1753 671 1802 meter,
730 1745 780 1792 425

110 1812 223 1863 Immemi
233 1811 339 1878 spelunca
349 1815 400 1871 aevi,
412 1829 463 1876 quae
473 1821 575 1876 tempore
584 1820 655 1860 vesto⁴

112 1875 248 1942 suppeditat
257 1887 391 1942 revocetque
402 1880 459 1926 sinu.
476 1877 641 1940 complectitur
651 1880 748 1929 antrum,

111 1945 200 1993 Omnis
209 1946 247 2006 qui
257 1941 344 2008 placido
355 1943 467 1992 consumit
476 1944 576 1996 numine,
588 1955 693 2003 serpens:

111 2011 296 2074 Perpetuumque
306 2009 365 2056 viret
375 2008 480 2070 squamis,
491 2008 628 2068 caudamque
638 2005 730 2054 reducto

112 2076 163 2124 Ore
173 2081 245 2129 voret,
257 2073 326 2121 tacito
337 2073 439 2136 'relegens
450 2071 542 2120 exordia
550 2072 622 2134 lapsu.
733 2070 784 2114 400
862 2104 864 2107 .

112 2139 229 2188 Vestibuli
239 2145 323 2192 cusos,
335 2137 398 2196 vultu
409 2139 515 2200 longaeve
524 2135 614 2190 decoro,

113 2201 180 2253 Ante
189 2203 249 2252 iores
260 2200 350 2250 Natura
360 2201 437 2262 sedet3
454 2203 585 2262 cunctisque
596 2196 699 2248 volentes

112 2269 254 2332 Dependent
264 2263 370 2316 membris
379 2269 467 2315 enimse.
487 2267 599 2314 Mensura
608 2262 719 2312 verendus

115 2331 258 2397 Scribitjura
269 2345 345 2389 senex,
357 2346 462 2380 numeros
473 2331 511 2394 qui
521 2328 600 2378 dividit
610 2329 682 2384 astris,

114 2399 150 2448 Et
161 2405 241 2446 cursus
251 2395 384 2458 stabilesque
394 2411 476 2452 mores,
488 2396 567 2457 quibus
578 2393 654 2441 omnia
663 2391 750 2444 vivunt,

46 2513 51 2522 ,
114 2465 154 2512 Ac
163 2469 260 2526 pereunt
269 2461 320 2508 fixis
331 2477 382 2508 curn
393 2461 488 2524 legibus.
504 2459 547 2506 Ille
557 2463 665 2510 recenset,
736 2456 783 2500 436

114 2527 235 2574 Incertum
245 2526 300 2588 quid
310 2522 393 2573 Martis
403 2525 454 2580 iter,
466 2531 596 2584 certumque
605 2517 726 2577 Tonantis,

115 2591 225 2640 Proficiut
235 2588 336 2648 mundo,
353 2589 407 2652 quid
417 2587 486 2637 velox
497 2587 577 2634 semita
587 2583 669 2639 Lunae,
784 2585 787 2596 “

115 2655 231 2720 Pigroque
242 2655 348 2714 Sutumi5
366 2660 475 2715 quantum
487 2650 600 2713 Cytherea
611 2663 690 2698 sereno
