1892 2892
55 157 56 160 ,
145 129 178 174 so
309 119 349 168 ut
365 117 534 170 austuuu
550 122 603 183 nu,
617 123 653 174 11.

176 247 213 296 Ut
223 247 319 296 cessisse
329 248 417 304 ducem,
428 249 522 311 propius
532 251 622 297 senisse
632 251 744 306 cobortes,
811 257 816 261 ’

143 311 246 374 Cognita
257 311 350 368 Rufino,
361 311 445 375 magui
455 313 544 363 cervice
554 316 684 377 triumphat,

143 377 228 425 Omnia
235 384 285 424 tute
295 385 371 435 ratus3
388 385 546 439 sceptrumque
556 395 672 441 capessere
678 381 758 436 fervet,
766 383 818 429 295

142 441 177 490 Et
188 443 316 504 conjuratos
326 443 428 490 accendit
438 459 496 490 voce
504 444 604 491 clientes.
687 503 690 506 ἢ

144 513 160 537 ‘⁴
170 506 281 561 Vicimus,
293 507 433 569 expulimus:
451 507 523 554 facilis
528 510 578 570 jam
589 510 653 572 copia
663 511 736 572 regni.

143 571 228 620 Nullus
244 573 272 619 ab
286 573 353 618 hoste
368 573 442 618 timor.
460 571 526 627 Quid
540 574 620 620 enim?
635 590 703 636 quem
720 590 817 638 poscere

242 637 316 684 solum

144 701 250 756 Horruit,
262 702 322 749 hunc
333 708 396 749 tauto
407 702 519 749 munitum
529 702 603 750 milite
611 703 706 750 vinem?

144 766 203 820 Quis
212 765 270 814 ferat
280 774 398 821 armatum,
409 782 476 828 quem
488 782 534 814 non
545 769 659 830 superavit
669 766 797 817 inermem?

142 830 157 879 1
166 846 236 890 ¹nunc,
248 831 342 880 exitium
353 833 417 878 nobis
428 832 536 879 meditare
547 840 647 879 remotus
765 836 812 880 301
866 869 869 872 .

142 894 269 951 Incassum,
281 897 389 944 Stilichon
399 914 406 953 ς
423 896 478 944 dum
488 912 531 944 nos
540 898 673 959 longissima
683 897 750 945 tellus

141 960 246 1016 Dividnt,
258 969 281 1008 et
292 961 371 1008 mediis
383 961 473 1008 Nereus
483 962 628 1024 interstrepat
638 962 711 1010 undis.

142 1025 240 1088 Alpinas
250 1026 345 1072 transire
355 1026 401 1080 tibi,
413 1041 450 1072 me
461 1027 552 1088 sospite,
560 1043 628 1088 rupes
640 1048 643 1049 ⁷

142 1071 327 1138 nautarum:
337 1091 700 1154 jacuisiuincmefigererents:
764 1094 815 1139 sos
903 1145 907 1149 ,

144 1155 230 1211 Quaere
238 1155 305 1202 ferox
316 1170 400 1209 ensem,
413 1155 451 1216 qui
461 1164 540 1204 nostra
550 1157 579 1203 ad
589 1157 673 1204 moenia
684 1156 746 1203 tendi

58 1239 59 1244 ¹
143 1220 223 1269 Possit
233 1221 260 1267 ab
272 1211 345 1266 ltalia.
365 1219 421 1267 Non
433 1228 455 1268 te
466 1221 601 1270 documenta
608 1221 716 1283 priorum,

141 1285 198 1334 Non
210 1285 318 1347 exempla,
329 1284 424 1332 vetant?
440 1286 498 1346 quis,
511 1302 559 1348 par,
571 1294 665 1334 conatus
676 1287 745 1340 adire,

143 1350 197 1398 Has
206 1351 278 1412 jactat
287 1347 371 1396 sitisse
381 1351 482 1396 manus?
498 1350 645 1398 Detrusimus
653 1353 707 1398 orbe

142 1415 179 1463 Te
190 1415 270 1469 medio,
283 1415 394 1475 tantisque
405 1414 472 1463 simul
480 1416 624 1478 spoliavimus
635 1416 710 1463 umis.
764 1419 816 1461 810

143 1479 214 1528 Nunc
225 1480 302 1542 epulas
312 1487 409 1541 tempus,
421 1481 483 1536 socii,
495 1495 557 1528 nunc
565 1481 630 1543 larga
639 1495 717 1543 parare
814 1495 816 1501 ·

143 1543 251 1599 Munera,
263 1544 436 1606 donandumque
446 1546 512 1593 novis
521 1547 649 1608 legionibus
659 1560 746 1592 aurum.

143 1611 278 1673 Opportuna
288 1610 344 1656 meis
353 1610 423 1656 oritur
433 1611 474 1657 lux
484 1611 581 1658 crastina
591 1611 659 1658 votis.

145 1675 216 1730 Quod
229 1675 293 1729 nolit,
306 1689 346 1722 rex
356 1675 405 1736 ipse
415 1675 476 1730 velit,
483 1677 606 1738 jubeatque
616 1681 707 1722 rosetus

142 1739 174 1789 In
185 1747 271 1803 partem
279 1740 334 1786 mihi
345 1755 416 1801 regna
426 1739 488 1786 dari:
507 1741 625 1802 contingat
632 1741 656 1786 in
664 1752 711 1786 uno
766 1741 816 1787 315

142 1804 231 1855 Privati
240 1804 326 1867 fugisse
337 1804 436 1856 modum,
449 1805 579 1869 crimenque
588 1803 707 1866 tyranni.''

175 1869 269 1917 Talibus
280 1869 403 1916 acclamant
414 1869 479 1916 dictis
489 1869 574 1917 infame
584 1869 707 1918 nocentllm

144 1934 282 1988 Concilium,
291 1934 330 1994 qui
340 1934 453 1996 perpetuis
462 1932 555 1982 crevere
564 1935 653 1997 rapinis,

143 1999 179 2050 Et
190 2014 246 2060 quos
257 2013 302 2045 una
312 1997 366 2046 facit
377 1997 462 2045 Rufino
474 2014 541 2046 causa
550 1999 644 2053 sodales,

144 2064 253 2114 Illicitum
264 2063 355 2110 duxisse
366 2063 436 2111 nihil:
456 2064 537 2110 delicta
546 2061 610 2110 lisere
767 2067 818 2110 820

144 2130 227 2178 Nexus
238 2128 342 2176 amicitiae
352 2145 358 2174 ι
372 2129 477 2190 jamjam
487 2128 599 2176 connubia
608 2129 656 2175 laeti

146 2194 299 2256 Despondent
309 2193 381 2240 aliena
392 2193 448 2240 sibi:
466 2192 594 2254 frustraque
603 2193 703 2242 vicisurn

146 2259 293 2313 Promittunt,
306 2273 360 2318 quas
371 2258 465 2319 quisque
475 2265 544 2320 petar,
552 2268 607 2319 quas
618 2258 719 2312 devoret,
729 2258 803 2306 urbes.

178 2322 286 2384 Creperat
296 2323 407 2368 humanos
415 2323 461 2369 alto
470 2323 543 2385 sopire
550 2323 638 2369 labores

145 2387 203 2434 Nox
213 2386 316 2449 gremio;
325 2387 446 2448 pigrasque
455 2387 529 2448 Sopor
539 2385 658 2435 diffuderat
668 2387 722 2434 alas·
768 2390 818 2436 ³25

145 2451 197 2509 Ille,
209 2451 248 2497 diu
258 2451 317 2497 curis
328 2452 427 2498 animum
438 2451 604 2498 stimulantibus
677 2467 709 2508 m,

135 2516 240 2563 ‹Labitur
250 2515 273 2560 iu
285 2529 384 2562 somnos.
400 2515 449 2562 Vix
460 2523 509 2562 toto
520 2516 695 2576 cordequierat3

145 2581 215 2633 Ecce,
227 2579 289 2626 videt
300 2580 359 2626 diras
369 2579 467 2628 alludere
477 2581 581 2642 protinus
591 2582 687 2633 umbras,

147 2645 213 2700 Quas
223 2644 285 2694 dedit
295 2645 416 2708 ipseueoi;
432 2660 535 2707 quarum,
548 2660 600 2708 quae
608 2645 696 2701 clarior,
708 2659 754 2692 una
814 2664 821 2680 ι
