1892 2892
167 96 201 144 52
283 91 347 142 DE
364 91 409 141 1v.
430 93 528 145 CONS.
546 91 706 144 HONORII.

166 217 218 266 Nec
228 226 314 280 premat
325 220 462 275 incumbens,
474 222 537 269 oneri
548 237 590 269 nec
599 221 699 274 emerit,
710 217 768 266 aer?

167 283 214 337 Qui
223 294 298 338 terret,
311 285 360 346 plus
368 286 416 347 ipse
424 287 502 334 timet:
521 303 571 334 sors
581 288 624 334 ista
634 285 736 346 tyrannis
784 285 835 329 atto

167 347 289 396 Convenin
306 347 425 398 Invideant
435 351 508 404 claris,
519 351 634 412 sortesque
644 350 769 407 trucident;

167 411 253 460 Muniti
265 415 342 462 vivant
352 415 440 476 gladiis,
451 416 553 478 septique
563 416 671 472 venenis3

167 478 286 539 Ancipites
296 480 391 526 bsbeant
398 495 467 534 arces,
480 482 604 543 trepidique
615 481 742 526 minentur:

167 542 205 589 Tu
214 543 286 589 civem
295 554 424 606 patremque
434 561 501 607 geras
510 564 516 593 r
535 553 560 592 tu
571 545 664 592 consule
673 543 768 595 cunctis.

167 605 224 654 Non
236 609 287 655 tibi:
307 624 349 656 neo
361 617 432 656 tuate
443 619 556 663 moveant,
565 611 605 658 sed
615 610 702 672 publica
710 616 771 655 vota.
787 606 837 654 295

168 671 197 719 In
208 688 328 721 commune
334 675 401 736 jubes
412 676 430 722 ri
440 676 501 736 quid,
510 689 617 722 censesve
624 673 754 727 tenendum,

169 737 328 800 Primusjussn
339 741 399 786 subi:
420 749 474 786 tunc
485 740 638 793 observantior
649 739 707 799 requi

110 805 112 810 '
170 801 209 850 Fit
220 805 315 866 populus
322 821 335 861 3.
343 820 384 851 neo
395 804 453 852 ferre
463 813 539 867 negat,
551 821 603 851 cunr
614 803 695 851 viderit
704 803 779 864 ipsunt

171 867 296 915 Auctorem
307 885 385 931 parere
396 869 443 916 sibi.
464 868 614 931 Componitur
625 869 685 915 orbis

168 931 242 995 Regis
253 933 281 979 ad
288 934 428 995 exemplum:
448 947 491 981 nec
501 935 533 982 sic
543 933 658 981 inflectere
667 946 748 980 sensus
789 934 844 977 000

171 996 293 1044 Humanos
304 999 376 1044 edicta
387 999 469 1053 valent,
480 1007 506 1045 ut
514 1000 563 1046 nita
573 997 692 1061 regentia·

170 1060 258 1108 Mobile
269 1070 368 1108 mutatur
375 1078 470 1126 semper,
482 1079 534 1110 cum
545 1065 652 1126 principe,
663 1062 754 1124 vulgus-

172 1125 219 1173 His
229 1134 305 1174 tamen
315 1126 418 1186 ellectis;
434 1143 478 1174 neu
488 1128 588 1176 tundite
597 1130 703 1180 minores,

171 1187 225 1240 Neu
236 1201 287 1252 pete
297 1193 438 1254 prescriptos
446 1193 532 1241 ltornini
542 1194 698 1240 transcendere
707 1190 778 1239 linea:

171 1255 278 1318 Inquinat
289 1257 394 1318 egregios
404 1259 508 1321 adjuncta
518 1259 620 1319 superbia
630 1272 712 1304 mores.
789 1254 841 1302 805

171 1320 228 1368 Non
240 1321 278 1368 tibi
289 1321 419 1370 tradidimus
429 1323 514 1369 dociles
524 1324 609 1370 servire
619 1322 725 1379 Sabeon

172 1386 289 1432 Anneniae
297 1386 412 1433 dominum
424 1401 469 1433 non
479 1396 502 1434 te
512 1386 653 1450 praefecimus
664 1402 725 1444 οπως

171 1449 228 1498 Non
240 1451 318 1498 dsmus
329 1449 454 1512 Assyriam.
467 1453 540 1499 tenuit
548 1468 616 1514 quarn
627 1451 718 1505 ionius,
729 1455 831 1512 genten.

172 1515 279 1570 Romani,
290 1517 328 1577 qui
340 1524 421 1564 cuncta
431 1517 469 1564 diu
480 1514 566 1570 rexere,
579 1516 684 1579 regendir

173 1580 221 1635 Qui
232 1596 274 1630 nec
282 1580 398 1642 Tarquinii
408 1582 488 1636 fastus,
500 1583 601 1644 necJura
612 1578 684 1629 tulere
792 1580 845 1626 810

174 1645 279 1694 Caesaris.
299 1646 400 1694 Annales
411 1655 513 1694 veterum
524 1646 605 1693 delicta
614 1646 744 1706 loquuntur.

173 1709 303 1758 Haerebunt
313 1712 414 1758 maculae.
435 1711 494 1765 Quis
503 1726 549 1758 non
557 1726 597 1772 per
608 1711 691 1757 aaecula
701 1709 794 1755 damnet

174 1774 286 1824 Caesareae
297 1783 400 1838 portenta
410 1775 510 1822 domilsi
526 1791 594 1835 quem
604 1776 653 1822 dira
664 1773 763 1821 Neronia

172 1839 271 1895 Funera,
284 1855 350 1902 quern
361 1855 427 1902 rupes
439 1838 577 1902 Caprearum
588 1847 647 1887 tetra
657 1839 740 1893 latebit.

173 1903 265 1953 Incesto
276 1919 379 1968 possessa
389 1903 454 1952 seni?
470 1904 566 1952 Victum
575 1905 660 1952 feretur
793 1900 844 1947 ³15

174 1970 255 2017 Gloria
264 1969 371 2031 Trajani;
388 1984 434 2016 uon
445 1977 492 2016 tarn
503 1969 570 2046 quod,
580 1969 674 2031 'ligride
684 1967 752 2021 victo,

173 2034 260 2081 Nostra
271 2035 399 2096 triumphati
410 2034 493 2082 fuerint
503 2034 618 2096 provincia
626 2033 712 2086 Parthi.

173 2099 230 2147 Alta
240 2099 301 2159 quod
311 2099 413 2162 invectus
423 2098 500 2145 fractis
512 2097 624 2160 Capitolia
635 2097 706 2145 Dacis
712 2114 721 2154 ς

175 2163 251 2218 Quam
262 2163 340 2225 patriae
349 2163 409 2224 quod
419 2163 481 2210 mitis
491 2171 547 2210 erat.
567 2162 605 2210 Ne
616 2163 692 2210 desine
701 2161 765 2213 talu·

174 2227 243 2281 Nate,
253 2228 323 2288 sequi.
343 2228 366 2276 Si
378 2228 435 2275 bella
446 2236 532 2282 tonant,
544 2227 607 2290 prius
616 2227 708 2290 agmina
717 2226 780 2272 dum

175 2293 265 2340 Exerce
277 2293 355 2340 studiis
362 2309 370 2350 ;
387 2300 411 2339 et
422 2308 485 2340 saevo
495 2301 605 2356 praestroe
617 2292 695 2339 Marti.
794 2291 843 2337 821

175 2357 231 2404 Non
242 2359 327 2404 brumae
338 2358 432 2419 requiea,
442 2373 488 2404 non
499 2358 640 2404 hibernacula
651 2370 733 2418 segnes
811 2361 816 2370 '

175 2421 293 2472 Enervent
305 2430 395 2485 torpore
406 2437 493 2470 manus.
509 2421 618 2469 Ponenda
628 2421 711 2468 salubri

176 2485 259 2541 Castra
269 2487 333 2535 locor
352 2488 471 2550 praebenda
482 2487 538 2550 vigil
547 2486 649 2534 custodia
660 2486 727 2532 valio.

175 2551 254 2603 Disce,
267 2553 303 2598 ubi
315 2552 403 2599 denseri
413 2567 505 2606 cuneos,
518 2552 554 2598 ubi
565 2566 650 2600 cornua
660 2550 723 2598 teudi
795 2551 849 2598 825

173 2615 279 2678 ,liquido
292 2617 422 2666 autberum
433 2615 509 2676 decti3
525 2631 578 2678 quse
588 2616 703 2666 montibus
713 2619 781 2678 epte.
