1892 2892
243 85 294 136 Du
310 86 356 134 vl.
372 84 469 136 CONS.
486 38 649 136 HONOR..⁴
722 87 770 132 sul

89 204 173 267 Italiae,
184 212 347 276 geminumque
356 214 417 262 latus
428 212 567 276 stringentis
575 213 646 276 louge

88 274 196 338 Utraque
205 286 313 340 perpetuo
323 279 462 326 discriminat
473 293 566 338 aequora
578 285 658 326 tractu
721 280 775 326 990

89 339 148 388 Huc
160 357 204 404 ego
215 343 347 390 continuum
359 345 377 390 si
388 359 427 406 per
434 345 494 405 juga
504 343 597 390 tendere
608 356 707 397 cursum,

91 404 142 468 (Ut
153 408 212 468 prior
223 408 285 454 iratae
295 407 368 455 suerat
380 409 491 456 sententia
501 405 584 467 menti)

5 497 9 506 ·
90 469 145 518 Jam
158 470 273 534 desperati
283 473 402 520 valuissem
414 473 479 529 luce;
497 472 551 532 quid
562 472 637 518 ultra?

92 534 213 592 Ommbus,
226 545 354 599 oppeterem
364 535 424 584 sami
435 538 526 598 majore,
539 536 651 598 perustis3

92 599 128 648 Et
138 608 199 647 certe
209 603 308 648 moriens
319 603 409 665 propius
420 609 451 655 te,
463 601 548 654 Roma,
561 600 675 648 viderem:
719 605 768 651 29⁵

92 663 192 726 ipsaque
202 682 242 728 per
252 667 324 713 cultus
335 673 423 730 segetes
434 681 497 712 mors
508 674 587 712 nostra
598 674 676 713 secuto

91 729 182 776 Victori
194 729 300 778 mmnosa
310 731 374 778 foret.
396 731 441 778 Sed
451 730 548 792 pignora
558 731 623 777 nobis

92 793 220 848 Romanus,
233 811 338 858 carasque
349 811 427 850 nurus,
438 795 590 858 praedamque,
602 795 706 843 tenebat:

6 863 7 866 ’
94 858 150 905 Hoc
161 875 234 922 magra
245 869 358 906 exsertum
370 876 469 922 raperem
481 860 616 906 succinctior
626 874 718 921 agmen

95 922 164 971 Heu!
183 925 262 985 quibus
272 925 364 980 insidiis,
376 924 420 986 qud
429 941 467 971 me
478 924 623 971 circumdedit
633 932 682 971 arte
719 931 770 973 800

95 987 180 1036 Fatalis
192 1004 279 1051 semper
291 989 414 1038 stilichoni
432 989 486 1036 dum
497 1004 588 1051 parcere
598 988 672 1050 fingit,

94 1053 200 1100 Rettudit
211 1054 304 1100 hostiles
314 1055 408 1110 animos,
420 1055 546 1114 bellumque
558 1068 661 1100 remenso

95 1117 189 1165 Evaluit
200 1118 319 1165 transferre
330 1119 401 1166 Pado.
420 1118 467 1165 Pro
477 1119 563 1165 loedera
573 1134 636 1166 saevo

95 1181 218 1229 Deteriors
223 1183 296 1246 jugo!
314 1183 381 1230 Tunc
392 1184 426 1230 vis
437 1183 549 1230 exstincta
560 1183 685 1230 Getarum:

96 1245 164 1293 Tunc
175 1247 235 1302 mibi,
249 1256 303 1295 tuuc
314 1248 384 1294 letum
394 1249 478 1310 pepigi.
497 1247 626 1294 Violentior
636 1249 705 1295 armis
720 1251 769 1303 305

98 1311 217 1366 Omnibus,
229 1321 344 1374 expugnat
356 1323 454 1358 nostram
466 1313 585 1358 clementia
595 1321 696 1373 gentem.

99 1375 165 1422 Mars
175 1378 267 1440 gravior
278 1379 319 1424 sub
329 1393 383 1439 pace
394 1377 463 1434 latet;
479 1377 599 1438 capiorque
611 1377 709 1424 vicissim

99 1439 224 1488 Fraudibus
235 1442 282 1503 ipse
293 1442 356 1488 meis.
376 1441 435 1495 Quis
441 1443 489 1504 jam
501 1441 579 1487 solatia
589 1440 649 1488 terso

100 1503 255 1554 consiliumve
264 1505 338 1554 serat?
355 1507 428 1554 socius
439 1507 563 1566 suspectior
573 1505 645 1552 hoste.

99 1569 176 1631 Atque
187 1571 272 1618 utinam
283 1578 377 1618 cunctos
387 1570 486 1617 licuisset
496 1570 588 1631 perdere
597 1568 669 1616 bello!
720 1575 770 1619 sto

98 1633 160 1681 Nam
172 1636 271 1696 quisquis
282 1637 338 1682 duro
349 1635 428 1682 cecidit
438 1635 566 1687 certamine,
578 1649 694 1693 nunquam

98 1698 175 1746 Desilt
186 1715 236 1746 esse
246 1716 316 1747 meus.
336 1699 422 1747 Melius
433 1714 540 1746 mucrone
549 1699 662 1760 perircnt;

6 1777 7 1788 ¹
98 1764 249 1825 Auferretque
259 1765 313 1812 mibi
323 1764 386 1811 luctu
396 1765 481 1811 leviore
492 1764 579 1810 sodales

98 1827 167 1876 Victa
177 1845 265 1884 manus,
278 1845 344 1890 quam
355 1829 409 1876 laesa
418 1828 481 1876 fides.
498 1827 611 1875 Nullusne
621 1828 728 1876 clientdm

99 1891 238 1940 Permanet?
255 1893 334 1940 offensi
345 1894 450 1941 comites:
470 1890 539 1940 odire
548 1893 674 1955 propinqui.
720 1896 770 1942 815

99 1957 162 2011 Quid
173 1973 249 2004 moror
259 1959 353 2005 invisam
364 1956 455 2005 lucem?
472 1955 516 2018 qui
526 1957 579 2004 sede
589 1958 708 2004 recondam

7 2059 8 2090 p
98 2021 220 2085 Naufragii
230 2022 355 2084 fragments
366 2021 426 2068 mei?
444 2037 524 2083 quaeve
534 2037 588 2068 arva
599 2023 715 2082 requiram,

7 2099 8 2124 r
99 2084 129 2132 ln
137 2087 218 2148 quibus
227 2086 285 2142 baud
294 2085 390 2147 inquam
400 2086 517 2140 Stilichon,
527 2085 664 2146 nimiumque
672 2089 771 2148 potentis

100 2147 174 2198 Italiae
185 2157 274 2198 nostras
285 2167 367 2198 nomen
378 2151 528 2198 circumsonet
538 2149 638 2197 aures?”

132 2215 195 2264 Haec
205 2231 333 2262 memorans
344 2215 441 2262 instante
451 2215 529 2277 lugam
539 2215 662 2264 Stilichone
669 2215 772 2269 tetendit,

100 2278 215 2342 Expertus
226 2282 319 2328 horrens
330 2281 421 2340 aquilas·
442 2278 569 2330 Comitatus
580 2288 671 2326 euntem
722 2283 768 2325 sat

99 2344 184 2399 Pallor,
197 2353 220 2392 et
231 2353 279 2392 atra
290 2343 379 2399 Fames,
392 2354 415 2394 et
427 2345 501 2392 saucia
511 2345 592 2390 lividus
603 2360 643 2390 ora

98 2408 196 2463 Luctus,
208 2418 232 2457 et
242 2409 330 2456 inferno
342 2409 461 2456 stridentes
472 2409 563 2472 agmine
573 2408 661 2455 Morbi.

8 2509 9 2512 ,
132 2473 262 2522 Lustralem
273 2473 447 2528 sicritcsscem,
460 2475 495 2520 cui
507 2474 584 2520 lumen
594 2473 688 2522 odorum

98 2539 191 2590 sulfure
202 2540 301 2586 coeruleo
312 2539 423 2601 nigroque
430 2538 539 2586 bitumine
549 2538 627 2594 fumat,
723 2540 772 2586 325
854 2567 860 2577 -

98 2601 192 2653 Circum
204 2605 305 2678 membra
316 2611 375 2650 rotat
385 2603 466 2676 duplus
475 2603 593 2672 purganda
603 2603 714 2657 sacerdos.
733 2649 736 2654 .
