1892 2892
220 41 222 44 ’
248 73 291 122 m
308 69 582 122 senmurum
627 77 632 90 ·
724 72 752 116 ιι

81 210 208 260 Concilium
219 211 328 264 deinum,
340 219 423 260 vocat:
442 211 598 273 glomerantur
606 208 631 254 in
642 219 713 253 unmn

81 275 210 324 innumerae
220 285 296 340 pestes
307 277 384 330 Erebi,
396 291 551 337 quascumque
561 274 652 321 stnistro

81 341 134 388 Nox
144 344 225 406 genuit
235 342 283 390 fetu
293 360 298 388 ι
319 343 396 390 nutrix
407 341 531 388 Discordia
540 340 599 393 belli,
719 339 753 381 80

83 404 204 469 Imperiosa
215 408 305 462 Fames,
318 409 364 456 leto
375 407 450 454 victua
462 408 579 459 Senectus,

82 467 247 534 Impatiensque
257 474 292 520 sui
303 471 408 527 Morbus,
421 471 538 532 Livorque
548 468 651 518 mundis

85 537 176 592 Anxius,
190 546 213 586 et
224 538 296 585 scisso
306 553 407 586 moerens
417 538 529 584 velamine
540 535 637 588 Luctus,

86 599 115 647 Et
124 601 212 657 Tumor,
225 610 248 650 et
256 618 318 650 caeco
329 617 430 666 praeceps
441 602 545 649 Audacia
554 601 627 651 multu,

86 664 116 712 m
122 665 202 714 Luxus
210 669 329 730 populator
339 683 415 729 opum,
424 683 493 728 quem
502 681 590 728 semper
597 665 714 710 adherens
720 662 753 708 85

86 727 163 778 Infelix
173 733 254 779 humili
264 749 345 796 gressu
357 733 478 780 comitatur
489 731 596 794 Egestas,

86 793 196 858 Foedsque
208 798 319 845 Avaritioe
330 798 455 859 complexae
465 805 558 858 pectora
567 794 654 848 matth,

85 857 199 925 insomnes
209 862 280 924 longo
292 863 385 909 veniunt
396 863 501 919 examine
512 860 589 910 Cures.
627 891 631 901 ›

87 921 230 988 complentur
241 927 303 975 vario
314 926 397 974 serrata
407 927 485 974 sedilia
495 935 556 974 coetu
566 942 573 983 3

87 987 202 1053 Torvuque
212 992 313 1039 collectis
324 992 419 1054 stipatur
430 993 492 1040 curis
502 991 618 1038 monstris·
720 989 756 1031 40

88 1054 163 1102 Alecto
175 1057 238 1104 stetit
248 1057 272 1102 ln
282 1057 361 1104 mediis
370 1074 378 1114 ;
395 1058 524 1120 vulgusque
532 1064 608 1103 tacere

87 1117 159 1175 lussit,
172 1129 196 1168 et
207 1123 322 1168 obstantes
332 1123 356 1168 in
367 1129 457 1184 tergum
468 1122 565 1185 reppulit
579 1121 671 1183 hydros,

88 1182 170 1246 Perque
180 1188 287 1234 humeros
298 1202 372 1234 errare
383 1185 457 1234 dedit:
478 1194 526 1234 tum
537 1187 606 1234 corde
616 1187 658 1232 sub
666 1185 715 1231 imo

89 1245 196 1298 Inclusam
207 1251 289 1298 rabidis
300 1251 405 1314 patefecit
416 1252 509 1300 vocibus
519 1252 584 1298 iram.

116 1321 130 1344 ⁴⁴
143 1315 231 1363 Siccine
242 1316 362 1377 tranquillo
373 1317 464 1379 produci
476 1317 559 1364 saecula
569 1331 644 1370 cursu,
721 1314 754 1358 45

45 1433 46 1438 ,
90 1378 122 1427 Sic
131 1379 257 1428 fortunatas
267 1381 379 1443 patiemur
389 1382 466 1430 vivere
476 1381 576 1444 gentes?

89 1443 142 1498 Quae
153 1460 214 1492 nova
224 1447 348 1508 corrumpit
358 1454 448 1494 nostros
459 1447 579 1494 clementia
588 1443 683 1492 mores?

89 1507 136 1562 Quo
146 1511 217 1557 rabies
227 1511 305 1558 innata
315 1509 394 1573 periti
411 1512 464 1573 qnid
473 1512 549 1558 inania
558 1516 654 1572 prosunt

88 1571 201 1622 Verbera?
217 1576 271 1636 quid
280 1575 366 1623 facibus
377 1577 527 1638 nequidquam
538 1576 651 1638 cingimur
661 1572 736 1621 stris?

89 1636 139 1686 Heu
150 1640 216 1687 nimis
227 1640 333 1702 lgnsvae!
351 1657 406 1703 quas
417 1640 509 1703 Jupiter
515 1647 577 1687 arcet
587 1639 695 1702 Olympo,
721 1639 755 1684 50

89 1701 226 1752 Theudosius
236 1707 310 1752 terris.
329 1705 376 1760 En,
388 1721 455 1754 aurea
465 1706 565 1753 nascitur
576 1712 645 1752 retas:

88 1765 129 1822 En,
141 1770 215 1831 proles
226 1769 319 1831 antique
329 1769 393 1818 redit
411 1770 548 1825 Concordia,
560 1769 649 1824 mnus,
665 1781 670 1790 ·

90 1830 188 1895 Cumque
199 1833 256 1881 Fide
268 1834 351 1889 Pietas,
364 1833 409 1882 aut
417 1837 506 1884 cervIce
515 1842 636 1898 vagantur,

90 1897 246 1961 Insignemque
256 1907 341 1947 canunt
351 1898 429 1947 nostrd
439 1901 467 1948 de
477 1901 542 1964 plebe
552 1901 698 1961 triumphum.

89 1961 131 2010 Pro
142 1963 219 2012 dolor!
238 1955 286 2026 ipit
296 1965 358 2017 mibi,
370 1966 465 2027 liquidas
477 1966 566 2028 delapsa
576 1981 617 2028 per
624 1981 697 2020 auras,
722 1964 755 2012 55

88 2026 176 2075 Justitia
185 2028 295 2088 Insultat3
312 2029 418 2091 vitiisque
428 2046 441 2078 a
453 2032 522 2092 stirpe
533 2031 617 2084 recisis,

89 2087 156 2140 illicit
166 2108 282 2154 oppressas
293 2096 412 2142 tenebroso
424 2109 513 2142 carcere
522 2097 596 2158 leges.

88 2158 118 2204 m
127 2173 171 2204 nos
180 2157 296 2206 indecores
305 2160 378 2222 longo
385 2162 523 2222 torpebimus
534 2177 592 2214 tero,

89 2221 194 2269 Omnibus
201 2224 281 2286 ejeetae
291 2224 388 2286 regnis?
405 2226 534 2286 Agnoscite
544 2226 642 2278 tandem,

89 2287 147 2342 Quid
158 2287 237 2334 Furias
248 2288 340 2336 deceat:
359 2299 479 2336 consuetas
490 2290 572 2336 sumite
581 2290 658 2346 vires;
722 2293 756 2334 60

89 2351 249 2412 conventuque
260 2352 323 2400 nefas
334 2360 397 2401 tanto
409 2353 523 2402 decernite
534 2355 636 2418 dignum.

87 2415 136 2465 Jsm
148 2417 213 2479 cupio
225 2419 313 2480 Stygiis
324 2417 429 2466 invadere
440 2420 534 2466 nubibus
545 2426 612 2472 astra,

87 2481 135 2530 Jam
148 2480 202 2529 flatu
213 2483 299 2531 violare
309 2482 375 2538 dican,
388 2485 464 2532 laxare
474 2483 586 2546 profundo

48 2603 49 2606 Ἰ
86 2547 159 2596 Frena
168 2549 230 2602 mari,
242 2547 325 2596 fluvios
336 2550 406 2611 ruptis
417 2549 540 2596 immittere
549 2549 610 2610 ripis,

88 2612 118 2661 Et
128 2628 202 2661 rerum
214 2628 298 2662 vexere
309 2613 402 2662 iidem.¹’
421 2615 459 2663 Sic
469 2614 516 2663 fata
527 2619 644 2660 cntenturn
723 2610 755 2653 65
