1892 2892
151 71 202 117 sos
333 65 476 117 munus
493 45 679 118 sanemus

58 226 60 231 ·
134 218 136 223 ·
151 197 247 246 Nudum
257 198 386 263 pmgelidis
396 197 498 246 dumndo
507 197 582 246 fimat
592 198 616 245 in
626 197 700 247 undis.
790 189 793 198 ¹

152 264 233 326 thue
244 264 304 311 rudis
313 265 388 327 primo
397 261 491 311 teutisti
500 265 581 311 robore
590 279 690 326 gressus,

152 328 459 392 Frondoaaedesertrragus
470 329 592 392 penetralia
603 328 674 384 silvae.
800 333 834 382 ἰο

153 392 292 458 Securijam
302 402 382 449 matre,
393 394 468 457 petis3
486 393 581 456 telisque
590 393 713 442 tremendis

153 459 241 517 Ludis;
257 467 281 507 et
291 460 395 507 etherius
405 459 502 506 adducto
513 459 589 523 dejicis
599 475 653 507 arcu

152 527 203 572 Aut
212 523 282 572 fundi
292 525 403 573 violenter
412 539 482 582 aves;
499 532 635 586 noctemque
645 525 687 572 sub
696 525 764 574 astris

153 590 244 653 Exigis,
256 597 280 638 et
289 605 369 653 puram
378 589 456 637 sraetis
465 589 522 636 brois
532 590 635 637 amnibus
645 591 737 638 undam.

186 653 313 704 Immunem
323 655 409 703 interea
419 655 516 702 Nemeae
527 669 567 717 per
576 655 648 702 lustra
657 655 747 703 leonem
801 660 836 708 75

154 719 208 784 Ipsa
219 717 355 769 chimemt
364 727 452 767 oretum
463 719 571 783 degente
581 734 680 769 noverca

154 785 184 833 In
195 794 235 833 tua
245 786 343 849 depastis
354 787 453 832 annahat
463 791 518 832 rota
523 785 646 848 juvenum

154 851 305 914 Augebatque
314 850 363 898 sero
373 850 441 905 vires,
453 849 582 912 rabiemque
587 851 688 913 juvabat,

154 916 267 964 Naturam
278 917 354 963 minus
364 930 414 963 esse
424 923 514 978 putans.
530 914 600 963 Heu!
619 922 702 976 quanta
713 917 815 966 virorum

155 980 256 1030 Frmera!
272 995 340 1043 quam
351 981 436 1026 multos
446 980 528 1028 stravit
535 995 588 1027 oum
599 980 702 1028 deuotus
710 983 788 1045 apros!
802 989 837 1032 80
922 1011 923 1020 1

155 1046 212 1094 Non
221 1047 286 1093 illum
296 1059 395 1108 magne,
408 1044 505 1092 viduatis
517 1041 663 1111 [montius]
675 1047 743 1095 urbes

155 1111 280 1159 Annorum
289 1107 380 1172 fregere
390 1109 464 1164 minis,
477 1109 594 1172 Martique
604 1109 716 1173 domando

154 1177 266 1224 Assuetas
276 1188 353 1222 morsu
363 1173 422 1221 studit
432 1175 538 1238 graviore
548 1182 657 1222 catervas.

154 1239 228 1288 Hanc
234 1241 312 1304 gravis
320 1239 465 1301 Eurystheus
475 1241 546 1304 (uam,
557 1248 580 1288 te
587 1255 732 1318 quocumque
739 1243 836 1302 levares,

155 1305 279 1369 Imperium
290 1305 340 1352 duri
351 1305 423 1353 roiuit
433 1305 528 1353 sufferre
537 1311 635 1367 tyranni,
802 1314 836 1360 85
923 1361 924 1366 ,

156 1372 195 1420 sic
206 1371 290 1419 mundo
301 1371 405 1418 Fortuna
413 1368 504 1433 favens)
516 1371 577 1418 hune
588 1377 688 1418 sternere
698 1372 745 1421 leto

156 1435 264 1500 Imperat.
283 1436 317 1484 At
327 1436 414 1483 nullum
425 1436 499 1483 virtus
509 1436 622 1483 reticenda
632 1451 672 1499 per
683 1451 767 1495 aevum.

156 1502 281 1566 Dignaque
291 1503 391 1550 sidereos
400 1507 454 1564 post
463 1502 565 1548 membra
575 1501 659 1549 intrare
669 1517 780 1561 recessus,

157 1566 230 1615 Posse
240 1569 298 1615 mori
308 1582 375 1628 quam
385 1567 432 1614 vile
441 1565 520 1629 putat!
538 1565 645 1627 Namque
655 1567 753 1633 impiger
763 1570 826 1620 ultro

158 1631 238 1687 vodis,
249 1641 273 1680 et
281 1633 400 1679 immense
410 1639 523 1678 uersutus
534 1631 599 1678 devia
610 1633 680 1688 silve,
803 1641 840 1686 90

157 1696 186 1746 ln
197 1712 257 1745 nova
268 1697 404 1761 sanguineos
415 1695 519 1743 animisti
529 1696 623 1744 vulnera
634 1698 710 1745 rictus.

156 1761 281 1810 Admoniti
290 1762 385 1816 feritate,
393 1760 457 1826 juba,
468 1762 565 1822 visuque
575 1771 689 1818 cruentus,

156 1828 268 1877 Excussis
278 1835 356 1874 movet
365 1827 501 1882 amatoris,
513 1826 649 1889 dubiumque
659 1827 760 1878 residem

156 1891 268 1941 Infremit.
284 1890 377 1939 Invadis
387 1892 505 1954 trepidum,
519 1892 618 1953 solisque
627 1893 716 1940 lacertis

158 1957 260 2006 Grandia
269 1957 391 2020 corripiens
401 1957 458 2004 eliso
467 1965 561 2019 guttura
571 1972 657 2013 morsu,
804 1965 840 2012 95

158 2021 276 2070 imbellem
286 2021 363 2068 fractis
374 2023 497 2084 prosternis
506 2021 607 2069 saucibus
618 2023 715 2070 hostem.

156 2088 225 2135 Tunc
233 2095 256 2134 et
262 2086 387 2134 flavicomis
395 2087 503 2135 radiantia
511 2093 602 2150 tergora
609 2087 675 2143 villis,

159 2151 209 2203 Ceu
218 2152 321 2214 spolium,
332 2151 384 2199 suso
394 2153 468 2199 vietor
476 2153 542 2215 rapis.
562 2151 653 2199 Emicat
661 2152 735 2203 omnis

160 2216 190 2265 In
198 2217 275 2264 laudes
283 2231 338 2262 mox
346 2217 411 2264 turba
418 2224 481 2274 tuas3
496 2217 612 2280 longoque
620 2217 698 2266 relicta

159 2281 238 2330 Currit
245 2281 269 2326 io
277 2295 331 2328 arva
338 2291 408 2329 metu.
426 2281 498 2330 Juvat
506 2283 545 2336 ire,
555 2290 579 2329 et
585 2282 655 2330 libera
662 2297 721 2338 rura,
791 2289 841 2335 loo

159 2344 320 2406 Defensosque
329 2345 406 2393 videre
415 2347 485 2403 locos,
498 2348 621 2409 silvamque
627 2348 733 2410 juvencis

158 2408 175 2457 J
176 2423 212 2456 sm
220 2409 315 2462 facilem,
325 2417 348 2457 et
357 2410 424 2458 nuliis
433 2418 564 2459 resonantes
572 2411 661 2460 flemus
668 2413 744 2476 agros.

194 2471 327 2519 Maeoalium
336 2477 394 2537 petis
401 2475 454 2522 inde
461 2491 550 2534 neruus,
559 2477 679 2538 fletamque
687 2478 775 2528 colonis

162 2536 292 2590 Arcadiam.
301 2547 324 2584 et
332 2539 420 2588 steriles
428 2557 479 2588 raro
483 2543 532 2604 jam
540 2543 620 2589 robore
628 2542 702 2590 silvas.

162 2598 595 2662 Namquehioimmeartmembrorum
603 2607 663 2658 mole
672 2615 780 2662 eruentus
796 2613 847 2664 105
920 2658 923 2666 .
