<?xml version="1.0" encoding="UTF-8"?>
<!DOCTYPE html PUBLIC "-//W3C//DTD XHTML 1.0 Transitional//EN"
    "http://www.w3.org/TR/xhtml1/DTD/xhtml1-transitional.dtd">
<html xmlns="http://www.w3.org/1999/xhtml" xml:lang="en" lang="en">
 <head>
  <title>
</title>
<meta http-equiv="Content-Type" content="text/html;charset=utf-8" />
  <meta name='ocr-system' content='tesseract 3.04.00' />
  <meta name='ocr-capabilities' content='ocr_page ocr_carea ocr_par ocr_line ocrx_word'/>
</head>
<body>
  <div class='ocr_page' id='page_1' title='image "./opera00claugoog/opera00claugoog_0212.png"; bbox 0 0 1892 2892; ppageno 0'>
   <div class='ocr_carea' id='block_1_1' title="bbox 152 35 672 125">
    <p class='ocr_par' dir='ltr' id='par_1_1' title="bbox 152 35 672 125">
     <span class='ocr_line' id='line_1_1' title="bbox 152 35 672 125; baseline -0.008 -6"><span class='ocrx_word' id='word_1_1' title='bbox 152 39 231 119; x_wconf 60' lang='lat' dir='ltr'><strong>ross</strong></span> <span class='ocrx_word' id='word_1_2' title='bbox 298 73 348 122; x_wconf 84' lang='lat' dir='ltr'><strong>nn</strong></span> <span class='ocrx_word' id='word_1_3' title='bbox 365 71 409 125; x_wconf 77' lang='lat' dir='ltr'><strong>vr.</strong></span> <span class='ocrx_word' id='word_1_4' title='bbox 427 35 672 119; x_wconf 63' lang='lat' dir='ltr'><strong>coue‘uouorz</strong></span> 
     </span>
    </p>
   </div>
   <div class='ocr_carea' id='block_1_2' title="bbox 106 195 870 2661">
    <p class='ocr_par' dir='ltr' id='par_1_2' title="bbox 153 195 824 262">
     <span class='ocr_line' id='line_1_2' title="bbox 153 195 824 262; baseline 0.003 -16"><span class='ocrx_word' id='word_1_5' title='bbox 153 199 189 247; x_wconf 82' lang='lat' dir='ltr'><strong>Ut</strong></span> <span class='ocrx_word' id='word_1_6' title='bbox 200 201 258 248; x_wconf 83' lang='lat' dir='ltr'><strong>vinei</strong></span> <span class='ocrx_word' id='word_1_7' title='bbox 270 202 382 257; x_wconf 87' lang='lat' dir='ltr'><strong>miserum,</strong></span> <span class='ocrx_word' id='word_1_8' title='bbox 395 215 510 262; x_wconf 72' lang='lat' dir='ltr'><strong>nunquam</strong></span> <span class='ocrx_word' id='word_1_9' title='bbox 520 200 601 249; x_wconf 74' lang='lat' dir='ltr'><strong>vicisse</strong></span> <span class='ocrx_word' id='word_1_10' title='bbox 611 197 717 248; x_wconf 82' lang='lat' dir='ltr'><strong>decorum</strong></span> <span class='ocrx_word' id='word_1_11' title='bbox 728 209 771 248; x_wconf 78' lang='lat' dir='ltr'><strong>est.</strong></span> <span class='ocrx_word' id='word_1_12' title='bbox 811 195 824 204; x_wconf 78' lang='grc'><em>“</em></span> 
     </span>
    </p>

    <p class='ocr_par' dir='ltr' id='par_1_3' title="bbox 152 263 692 329">
     <span class='ocr_line' id='line_1_3' title="bbox 152 263 692 329; baseline 0.002 -19"><span class='ocrx_word' id='word_1_13' title='bbox 152 263 268 312; x_wconf 79' lang='lat' dir='ltr'><strong>Restitust</strong></span> <span class='ocrx_word' id='word_1_14' title='bbox 278 267 374 328; x_wconf 87' lang='lat' dir='ltr'><strong>priscum</strong></span> <span class='ocrx_word' id='word_1_15' title='bbox 385 281 425 328; x_wconf 85' lang='lat' dir='ltr'><strong>per</strong></span> <span class='ocrx_word' id='word_1_16' title='bbox 435 274 459 313; x_wconf 79' lang='lat' dir='ltr'><strong>se</strong></span> <span class='ocrx_word' id='word_1_17' title='bbox 465 269 513 329; x_wconf 80' lang='lat' dir='ltr'><strong>jum</strong></span> <span class='ocrx_word' id='word_1_18' title='bbox 523 267 596 328; x_wconf 79' lang='lat' dir='ltr'><strong>gloria</strong></span> <span class='ocrx_word' id='word_1_19' title='bbox 605 280 692 311; x_wconf 88' lang='lat' dir='ltr'><strong>rnorem</strong></span> 
     </span>
    </p>

    <p class='ocr_par' dir='ltr' id='par_1_4' title="bbox 152 327 696 388">
     <span class='ocr_line' id='line_1_4' title="bbox 152 327 696 388; baseline 0.007 -15"><span class='ocrx_word' id='word_1_20' title='bbox 152 327 235 376; x_wconf 88' lang='lat' dir='ltr'><strong>Verior</strong></span> <span class='ocrx_word' id='word_1_21' title='bbox 241 347 249 388; x_wconf 90' lang='lat'>;</span> <span class='ocrx_word' id='word_1_22' title='bbox 266 339 289 378; x_wconf 84' lang='lat' dir='ltr'><strong>et</strong></span> <span class='ocrx_word' id='word_1_23' title='bbox 298 331 396 378; x_wconf 82' lang='lat' dir='ltr'><strong>fructum</strong></span> <span class='ocrx_word' id='word_1_24' title='bbox 408 332 501 378; x_wconf 82' lang='lat' dir='ltr'><strong>sinuerae</strong></span> <span class='ocrx_word' id='word_1_25' title='bbox 512 331 583 377; x_wconf 81' lang='lat' dir='ltr'><strong>laudis</strong></span> <span class='ocrx_word' id='word_1_26' title='bbox 593 331 621 376; x_wconf 84' lang='lat' dir='ltr'><strong>ub</strong></span> <span class='ocrx_word' id='word_1_27' title='bbox 630 331 696 377; x_wconf 82' lang='lat' dir='ltr'><strong>hoste</strong></span> 
     </span>
    </p>

    <p class='ocr_par' dir='ltr' id='par_1_5' title="bbox 152 391 822 458">
     <span class='ocr_line' id='line_1_5' title="bbox 152 391 822 458; baseline 0.006 -18"><span class='ocrx_word' id='word_1_28' title='bbox 152 391 280 441; x_wconf 80' lang='lat' dir='ltr'><strong>Desuetum</strong></span> <span class='ocrx_word' id='word_1_29' title='bbox 287 397 336 456; x_wconf 86' lang='lat' dir='ltr'><strong>jam</strong></span> <span class='ocrx_word' id='word_1_30' title='bbox 347 397 414 443; x_wconf 82' lang='lat' dir='ltr'>redde</span> <span class='ocrx_word' id='word_1_31' title='bbox 424 396 492 452; x_wconf 81' lang='lat' dir='ltr'><strong>mihi3</strong></span> <span class='ocrx_word' id='word_1_32' title='bbox 503 395 616 458; x_wconf 80' lang='lat' dir='ltr'><strong>justisque</strong></span> <span class='ocrx_word' id='word_1_33' title='bbox 625 394 708 440; x_wconf 81' lang='lat' dir='ltr'><strong>furoris</strong></span> <span class='ocrx_word' id='word_1_34' title='bbox 771 399 822 444; x_wconf 81' lang='grc'><strong>405</strong></span> 
     </span>
    </p>

    <p class='ocr_par' dir='ltr' id='par_1_6' title="bbox 152 457 739 521">
     <span class='ocr_line' id='line_1_6' title="bbox 152 457 739 521; baseline 0 -17"><span class='ocrx_word' id='word_1_35' title='bbox 152 457 249 505; x_wconf 82' lang='lat' dir='ltr'><strong>Externi</strong></span> <span class='ocrx_word' id='word_1_36' title='bbox 260 461 335 521; x_wconf 88' lang='lat' dir='ltr'><strong>spoliis</strong></span> <span class='ocrx_word' id='word_1_37' title='bbox 347 469 423 508; x_wconf 76' lang='lat' dir='ltr'><strong>sontes</strong></span> <span class='ocrx_word' id='word_1_38' title='bbox 434 461 524 507; x_wconf 79' lang='lat' dir='ltr'><strong>obsolve</strong></span> <span class='ocrx_word' id='word_1_39' title='bbox 534 460 665 520; x_wconf 84' lang='lat' dir='ltr'><strong>triumphos.</strong></span> <span class='ocrx_word' id='word_1_40' title='bbox 733 459 739 472; x_wconf 88' lang='lat'><strong>‘</strong></span> 
     </span>
    </p>

    <p class='ocr_par' dir='ltr' id='par_1_7' title="bbox 153 521 761 586">
     <span class='ocr_line' id='line_1_7' title="bbox 153 521 761 586; baseline 0.007 -18"><span class='ocrx_word' id='word_1_41' title='bbox 153 521 236 576; x_wconf 83' lang='lat' dir='ltr'><strong>Quem,</strong></span> <span class='ocrx_word' id='word_1_42' title='bbox 248 541 333 586; x_wconf 80' lang='lat' dir='ltr'>precor,</span> <span class='ocrx_word' id='word_1_43' title='bbox 344 526 371 573; x_wconf 84' lang='lat' dir='ltr'><strong>sd</strong></span> <span class='ocrx_word' id='word_1_44' title='bbox 381 526 450 572; x_wconf 87' lang='lat' dir='ltr'><strong>finem</strong></span> <span class='ocrx_word' id='word_1_45' title='bbox 460 525 542 572; x_wconf 80' lang='lat' dir='ltr'><strong>laribus</strong></span> <span class='ocrx_word' id='word_1_46' title='bbox 552 525 652 586; x_wconf 67' lang='lat' dir='ltr'><strong>sejuncta</strong></span> <span class='ocrx_word' id='word_1_47' title='bbox 662 531 761 586; x_wconf 79' lang='lat' dir='ltr'><strong>potestus</strong></span> 
     </span>
    </p>

    <p class='ocr_par' dir='ltr' id='par_1_8' title="bbox 153 586 697 652">
     <span class='ocr_line' id='line_1_8' title="bbox 153 586 697 652; baseline 0.002 -18"><span class='ocrx_word' id='word_1_48' title='bbox 153 586 258 642; x_wconf 82' lang='lat' dir='ltr'><strong>Exsulst,</strong></span> <span class='ocrx_word' id='word_1_49' title='bbox 270 591 431 652; x_wconf 81' lang='lat' dir='ltr'>imperiumque</span> <span class='ocrx_word' id='word_1_50' title='bbox 442 590 488 636; x_wconf 86' lang='lat' dir='ltr'><strong>suls</strong></span> <span class='ocrx_word' id='word_1_51' title='bbox 499 605 512 636; x_wconf 82' lang='lat' dir='ltr'>a</span> <span class='ocrx_word' id='word_1_52' title='bbox 522 589 611 635; x_wconf 83' lang='lat' dir='ltr'><strong>sedibus</strong></span> <span class='ocrx_word' id='word_1_53' title='bbox 620 589 697 635; x_wconf 79' lang='lat' dir='ltr'><strong>errat?</strong></span> 
     </span>
    </p>

    <p class='ocr_par' dir='ltr' id='par_1_9' title="bbox 153 652 735 715">
     <span class='ocr_line' id='line_1_9' title="bbox 153 652 735 715; baseline -0.002 -15"><span class='ocrx_word' id='word_1_54' title='bbox 153 653 202 700; x_wconf 86' lang='lat' dir='ltr'><strong>Cur</strong></span> <span class='ocrx_word' id='word_1_55' title='bbox 213 669 269 706; x_wconf 84' lang='lat' dir='ltr'><strong>meu,</strong></span> <span class='ocrx_word' id='word_1_56' title='bbox 282 669 333 715; x_wconf 79' lang='lat' dir='ltr'><strong>quae</strong></span> <span class='ocrx_word' id='word_1_57' title='bbox 343 656 430 702; x_wconf 83' lang='lat' dir='ltr'><strong>eunetis</strong></span> <span class='ocrx_word' id='word_1_58' title='bbox 440 652 538 701; x_wconf 71' lang='lat' dir='ltr'><strong>tribuere</strong></span> <span class='ocrx_word' id='word_1_59' title='bbox 549 653 634 699; x_wconf 71' lang='lat' dir='ltr'><strong>Palatia</strong></span> <span class='ocrx_word' id='word_1_60' title='bbox 644 668 735 709; x_wconf 87' lang='lat' dir='ltr'><strong>nomen,</strong></span> 
     </span>
    </p>

    <p class='ocr_par' dir='ltr' id='par_1_10' title="bbox 152 714 823 780">
     <span class='ocr_line' id='line_1_10' title="bbox 152 714 823 780; baseline 0.006 -18"><span class='ocrx_word' id='word_1_61' title='bbox 152 714 266 779; x_wconf 85' lang='lat' dir='ltr'><strong>Negleoto</strong></span> <span class='ocrx_word' id='word_1_62' title='bbox 277 721 378 780; x_wconf 76' lang='lat' dir='ltr'><strong>squalent</strong></span> <span class='ocrx_word' id='word_1_63' title='bbox 390 718 469 766; x_wconf 82' lang='lat' dir='ltr'><strong>senio?</strong></span> <span class='ocrx_word' id='word_1_64' title='bbox 486 733 528 764; x_wconf 85' lang='lat' dir='ltr'><strong>neo</strong></span> <span class='ocrx_word' id='word_1_65' title='bbox 539 718 635 764; x_wconf 83' lang='lat' dir='ltr'><strong>creditur</strong></span> <span class='ocrx_word' id='word_1_66' title='bbox 645 718 705 764; x_wconf 90' lang='lat' dir='ltr'><strong>orbis</strong></span> <span class='ocrx_word' id='word_1_67' title='bbox 772 723 823 766; x_wconf 83' lang='lat'><strong>410</strong></span> 
     </span>
    </p>

    <p class='ocr_par' dir='ltr' id='par_1_11' title="bbox 152 779 744 847">
     <span class='ocr_line' id='line_1_11' title="bbox 152 779 744 847; baseline 0.003 -21"><span class='ocrx_word' id='word_1_68' title='bbox 152 779 218 828; x_wconf 83' lang='lat' dir='ltr'><strong>Illinc</strong></span> <span class='ocrx_word' id='word_1_69' title='bbox 229 799 295 844; x_wconf 83' lang='lat' dir='ltr'><strong>posse</strong></span> <span class='ocrx_word' id='word_1_70' title='bbox 306 785 371 847; x_wconf 83' lang='lat' dir='ltr'><strong>regi?</strong></span> <span class='ocrx_word' id='word_1_71' title='bbox 387 785 485 831; x_wconf 87' lang='lat' dir='ltr'><strong>medium</strong></span> <span class='ocrx_word' id='word_1_72' title='bbox 496 797 543 828; x_wconf 89' lang='lat' dir='ltr'><strong>non</strong></span> <span class='ocrx_word' id='word_1_73' title='bbox 553 783 636 828; x_wconf 88' lang='lat' dir='ltr'><strong>deserit</strong></span> <span class='ocrx_word' id='word_1_74' title='bbox 646 797 744 844; x_wconf 78' lang='lat' dir='ltr'><strong>unquam</strong></span> 
     </span>
    </p>

    <p class='ocr_par' dir='ltr' id='par_1_12' title="bbox 153 843 746 908">
     <span class='ocr_line' id='line_1_12' title="bbox 153 843 746 908; baseline 0.003 -16"><span class='ocrx_word' id='word_1_75' title='bbox 153 843 213 893; x_wconf 87' lang='lat' dir='ltr'><strong>Coeli</strong></span> <span class='ocrx_word' id='word_1_76' title='bbox 225 847 324 896; x_wconf 81' lang='lat' dir='ltr'><strong>Phoebus</strong></span> <span class='ocrx_word' id='word_1_77' title='bbox 336 850 391 908; x_wconf 89' lang='lat' dir='ltr'><strong>iter;</strong></span> <span class='ocrx_word' id='word_1_78' title='bbox 409 849 475 896; x_wconf 81' lang='lat' dir='ltr'><strong>radiis</strong></span> <span class='ocrx_word' id='word_1_79' title='bbox 485 856 561 894; x_wconf 83' lang='lat' dir='ltr'><strong>tamen</strong></span> <span class='ocrx_word' id='word_1_80' title='bbox 573 848 648 894; x_wconf 86' lang='lat' dir='ltr'><strong>omniu</strong></span> <span class='ocrx_word' id='word_1_81' title='bbox 657 847 746 894; x_wconf 76' lang='lat' dir='ltr'><strong>lustrat.</strong></span> 
     </span>
    </p>

    <p class='ocr_par' dir='ltr' id='par_1_13' title="bbox 153 911 870 972">
     <span class='ocr_line' id='line_1_13' title="bbox 153 911 870 972; baseline 0.001 -15"><span class='ocrx_word' id='word_1_82' title='bbox 153 911 250 972; x_wconf 76' lang='lat' dir='ltr'>Segnius</span> <span class='ocrx_word' id='word_1_83' title='bbox 261 928 289 960; x_wconf 85' lang='lat' dir='ltr'><strong>sn</strong></span> <span class='ocrx_word' id='word_1_84' title='bbox 301 921 388 960; x_wconf 80' lang='lat' dir='ltr'><strong>veteres</strong></span> <span class='ocrx_word' id='word_1_85' title='bbox 400 912 485 960; x_wconf 89' lang='lat' dir='ltr'><strong>Istrum</strong></span> <span class='ocrx_word' id='word_1_86' title='bbox 496 913 647 972; x_wconf 84' lang='lat' dir='ltr'>Rhenumque</span> <span class='ocrx_word' id='word_1_87' title='bbox 657 913 769 966; x_wconf 72' lang='lat' dir='ltr'><strong>renelmus,</strong></span> <span class='ocrx_word' id='word_1_88' title='bbox 862 938 870 953; x_wconf 88' lang='lat'><strong>·</strong></span> 
     </span>
    </p>

    <p class='ocr_par' dir='ltr' id='par_1_14' title="bbox 152 973 779 1028">
     <span class='ocr_line' id='line_1_14' title="bbox 152 973 779 1028; baseline 0.005 -7"><span class='ocrx_word' id='word_1_89' title='bbox 152 973 199 1028; x_wconf 84' lang='lat' dir='ltr'><strong>Qui</strong></span> <span class='ocrx_word' id='word_1_90' title='bbox 211 985 308 1024; x_wconf 76' lang='lat' dir='ltr'><strong>nostrum</strong></span> <span class='ocrx_word' id='word_1_91' title='bbox 320 976 409 1024; x_wconf 71' lang='lat' dir='ltr'><strong>coluere</strong></span> <span class='ocrx_word' id='word_1_92' title='bbox 418 977 527 1024; x_wconf 75' lang='lat' dir='ltr'><strong>domum?</strong></span> <span class='ocrx_word' id='word_1_93' title='bbox 544 977 645 1022; x_wconf 85' lang='lat' dir='ltr'><strong>leviusoe</strong></span> <span class='ocrx_word' id='word_1_94' title='bbox 655 979 779 1024; x_wconf 77' lang='lat' dir='ltr'><strong>tremebunt</strong></span> 
     </span>
    </p>

    <p class='ocr_par' dir='ltr' id='par_1_15' title="bbox 150 1039 779 1104">
     <span class='ocr_line' id='line_1_15' title="bbox 150 1039 779 1104; baseline 0.005 -18"><span class='ocrx_word' id='word_1_95' title='bbox 150 1039 229 1102; x_wconf 84' lang='lat' dir='ltr'><strong>Tigris</strong></span> <span class='ocrx_word' id='word_1_96' title='bbox 240 1049 262 1090; x_wconf 81' lang='lat' dir='ltr'><strong>et</strong></span> <span class='ocrx_word' id='word_1_97' title='bbox 274 1041 408 1104; x_wconf 80' lang='lat' dir='ltr'><strong>Euphrates,</strong></span> <span class='ocrx_word' id='word_1_98' title='bbox 414 1057 472 1088; x_wconf 75' lang='lat' dir='ltr'><strong>uum</strong></span> <span class='ocrx_word' id='word_1_99' title='bbox 483 1042 569 1088; x_wconf 84' lang='lat' dir='ltr'><strong>foedern</strong></span> <span class='ocrx_word' id='word_1_100' title='bbox 579 1041 664 1087; x_wconf 85' lang='lat' dir='ltr'><strong>Medus</strong></span> <span class='ocrx_word' id='word_1_101' title='bbox 674 1049 698 1088; x_wconf 87' lang='lat' dir='ltr'><strong>et</strong></span> <span class='ocrx_word' id='word_1_102' title='bbox 709 1040 779 1089; x_wconf 81' lang='lat' dir='ltr'><strong>Indus</strong></span> 
     </span>
    </p>

    <p class='ocr_par' dir='ltr' id='par_1_16' title="bbox 151 1103 822 1168">
     <span class='ocr_line' id='line_1_16' title="bbox 151 1103 822 1168; baseline 0.01 -19"><span class='ocrx_word' id='word_1_103' title='bbox 151 1103 215 1150; x_wconf 83' lang='lat' dir='ltr'><strong>Hine</strong></span> <span class='ocrx_word' id='word_1_104' title='bbox 226 1112 318 1167; x_wconf 82' lang='lat' dir='ltr'><strong>peteret,</strong></span> <span class='ocrx_word' id='word_1_105' title='bbox 330 1123 452 1168; x_wconf 75' lang='lat' dir='ltr'><strong>pacemque</strong></span> <span class='ocrx_word' id='word_1_106' title='bbox 463 1106 515 1153; x_wconf 74' lang='lat' dir='ltr'><strong>meri</strong></span> <span class='ocrx_word' id='word_1_107' title='bbox 525 1113 623 1168; x_wconf 74' lang='lat' dir='ltr'><strong>speraret</strong></span> <span class='ocrx_word' id='word_1_108' title='bbox 633 1107 740 1153; x_wconf 81' lang='lat' dir='ltr'><strong>abarce?</strong></span> <span class='ocrx_word' id='word_1_109' title='bbox 771 1112 822 1156; x_wconf 86' lang='grc'><strong>416</strong></span> 
     </span>
    </p>

    <p class='ocr_par' dir='ltr' id='par_1_17' title="bbox 151 1166 658 1232">
     <span class='ocr_line' id='line_1_17' title="bbox 151 1166 658 1232; baseline 0.006 -19"><span class='ocrx_word' id='word_1_110' title='bbox 151 1166 202 1216; x_wconf 85' lang='lat' dir='ltr'><strong>Hic</strong></span> <span class='ocrx_word' id='word_1_111' title='bbox 212 1170 244 1216; x_wconf 89' lang='lat' dir='ltr'><strong>illi</strong></span> <span class='ocrx_word' id='word_1_112' title='bbox 255 1169 358 1218; x_wconf 67' lang='lat' dir='ltr'><strong>mansere</strong></span> <span class='ocrx_word' id='word_1_113' title='bbox 368 1173 417 1226; x_wconf 87' lang='lat' dir='ltr'><strong>viri,</strong></span> <span class='ocrx_word' id='word_1_114' title='bbox 429 1180 576 1232; x_wconf 81' lang='lat' dir='ltr'><strong>quosmutus</strong></span> <span class='ocrx_word' id='word_1_115' title='bbox 585 1170 658 1216; x_wconf 83' lang='lat' dir='ltr'><strong>virtus</strong></span> 
     </span>
    </p>

    <p class='ocr_par' dir='ltr' id='par_1_18' title="bbox 150 1231 715 1296">
     <span class='ocr_line' id='line_1_18' title="bbox 150 1231 715 1296; baseline -0.002 -15"><span class='ocrx_word' id='word_1_116' title='bbox 150 1231 227 1294; x_wconf 77' lang='lat' dir='ltr'><strong>Legit,</strong></span> <span class='ocrx_word' id='word_1_117' title='bbox 240 1243 264 1282; x_wconf 78' lang='lat' dir='ltr'><strong>et</strong></span> <span class='ocrx_word' id='word_1_118' title='bbox 273 1236 296 1282; x_wconf 89' lang='lat' dir='ltr'><strong>in</strong></span> <span class='ocrx_word' id='word_1_119' title='bbox 308 1243 390 1283; x_wconf 87' lang='lat' dir='ltr'><strong>nornen</strong></span> <span class='ocrx_word' id='word_1_120' title='bbox 402 1236 513 1284; x_wconf 85' lang='lat' dir='ltr'><strong>Romanis</strong></span> <span class='ocrx_word' id='word_1_121' title='bbox 524 1237 589 1282; x_wconf 90' lang='lat' dir='ltr'><strong>rebus</strong></span> <span class='ocrx_word' id='word_1_122' title='bbox 599 1235 715 1296; x_wconf 75' lang='lat' dir='ltr'><strong>adoptans,</strong></span> 
     </span>
    </p>

    <p class='ocr_par' dir='ltr' id='par_1_19' title="bbox 148 1297 778 1362">
     <span class='ocr_line' id='line_1_19' title="bbox 148 1297 778 1362; baseline 0.003 -16"><span class='ocrx_word' id='word_1_123' title='bbox 148 1297 240 1346; x_wconf 84' lang='lat' dir='ltr'><strong>Judieio</strong></span> <span class='ocrx_word' id='word_1_124' title='bbox 250 1301 365 1362; x_wconf 82' lang='lat' dir='ltr'><strong>pulchrum</strong></span> <span class='ocrx_word' id='word_1_125' title='bbox 377 1303 464 1355; x_wconf 87' lang='lat' dir='ltr'><strong>seriem,</strong></span> <span class='ocrx_word' id='word_1_126' title='bbox 477 1315 523 1347; x_wconf 90' lang='lat' dir='ltr'><strong>non</strong></span> <span class='ocrx_word' id='word_1_127' title='bbox 534 1300 649 1361; x_wconf 76' lang='lat' dir='ltr'><strong>sanguine,</strong></span> <span class='ocrx_word' id='word_1_128' title='bbox 660 1300 732 1348; x_wconf 81' lang='lat' dir='ltr'><strong>duxit.</strong></span> <span class='ocrx_word' id='word_1_129' title='bbox 775 1321 778 1327; x_wconf 93' lang='lat'>·</span> 
     </span>
    </p>

    <p class='ocr_par' dir='ltr' id='par_1_20' title="bbox 149 1360 819 1426">
     <span class='ocr_line' id='line_1_20' title="bbox 149 1360 819 1426; baseline 0.009 -18"><span class='ocrx_word' id='word_1_130' title='bbox 149 1360 200 1410; x_wconf 82' lang='lat' dir='ltr'><strong>Hic</strong></span> <span class='ocrx_word' id='word_1_131' title='bbox 210 1365 285 1426; x_wconf 88' lang='lat' dir='ltr'><strong>proles</strong></span> <span class='ocrx_word' id='word_1_132' title='bbox 295 1373 385 1413; x_wconf 81' lang='lat' dir='ltr'><strong>starum</strong></span> <span class='ocrx_word' id='word_1_133' title='bbox 396 1367 509 1413; x_wconf 85' lang='lat' dir='ltr'><strong>deducens</strong></span> <span class='ocrx_word' id='word_1_134' title='bbox 520 1363 583 1412; x_wconf 83' lang='lat' dir='ltr'><strong>AElin</strong></span> <span class='ocrx_word' id='word_1_135' title='bbox 593 1363 701 1418; x_wconf 78' lang='lat' dir='ltr'><strong>Nervam,</strong></span> <span class='ocrx_word' id='word_1_136' title='bbox 768 1370 819 1414; x_wconf 80' lang='lat'><strong>420</strong></span> 
     </span>
    </p>

    <p class='ocr_par' dir='ltr' id='par_1_21' title="bbox 148 1426 641 1491">
     <span class='ocr_line' id='line_1_21' title="bbox 148 1426 641 1491; baseline 0.002 -18"><span class='ocrx_word' id='word_1_137' title='bbox 148 1426 317 1491; x_wconf 86' lang='lat' dir='ltr'><strong>Tranquillique</strong></span> <span class='ocrx_word' id='word_1_138' title='bbox 328 1429 372 1485; x_wconf 90' lang='lat' dir='ltr'><strong>Pii,</strong></span> <span class='ocrx_word' id='word_1_139' title='bbox 383 1432 545 1491; x_wconf 80' lang='lat' dir='ltr'><strong>bellatoresque</strong></span> <span class='ocrx_word' id='word_1_140' title='bbox 557 1429 641 1476; x_wconf 86' lang='lat' dir='ltr'><strong>Severi.</strong></span> 
     </span>
    </p>

    <p class='ocr_par' dir='ltr' id='par_1_22' title="bbox 148 1491 745 1557">
     <span class='ocr_line' id='line_1_22' title="bbox 148 1491 745 1557; baseline 0 -18"><span class='ocrx_word' id='word_1_141' title='bbox 148 1491 203 1540; x_wconf 88' lang='lat' dir='ltr'><strong>Hoc</strong></span> <span class='ocrx_word' id='word_1_142' title='bbox 214 1495 269 1541; x_wconf 85' lang='lat' dir='ltr'><strong>civis</strong></span> <span class='ocrx_word' id='word_1_143' title='bbox 280 1495 373 1557; x_wconf 85' lang='lat' dir='ltr'><strong>dignare</strong></span> <span class='ocrx_word' id='word_1_144' title='bbox 382 1495 471 1550; x_wconf 72' lang='lat' dir='ltr'><strong>iorumr</strong></span> <span class='ocrx_word' id='word_1_145' title='bbox 488 1502 652 1556; x_wconf 78' lang='lat' dir='ltr'><strong>conspectaque</strong></span> <span class='ocrx_word' id='word_1_146' title='bbox 661 1495 745 1540; x_wconf 86' lang='lat' dir='ltr'><strong>dudum</strong></span> 
     </span>
    </p>

    <p class='ocr_par' dir='ltr' id='par_1_23' title="bbox 148 1557 748 1623">
     <span class='ocr_line' id='line_1_23' title="bbox 148 1557 748 1623; baseline 0.003 -19"><span class='ocrx_word' id='word_1_147' title='bbox 148 1557 196 1605; x_wconf 74' lang='lat' dir='ltr'><strong>om</strong></span> <span class='ocrx_word' id='word_1_148' title='bbox 201 1559 264 1606; x_wconf 85' lang='lat' dir='ltr'><strong>refer</strong></span> <span class='ocrx_word' id='word_1_149' title='bbox 270 1577 277 1618; x_wconf 71' lang='grc' dir='ltr'><strong><em>ς</em></strong></span> <span class='ocrx_word' id='word_1_150' title='bbox 295 1577 400 1623; x_wconf 85' lang='lat' dir='ltr'><strong>porupem</strong></span> <span class='ocrx_word' id='word_1_151' title='bbox 411 1561 512 1608; x_wconf 77' lang='lat' dir='ltr'><strong>recolens</strong></span> <span class='ocrx_word' id='word_1_152' title='bbox 522 1567 548 1605; x_wconf 86' lang='lat' dir='ltr'><strong>ut</strong></span> <span class='ocrx_word' id='word_1_153' title='bbox 557 1566 634 1605; x_wconf 90' lang='lat' dir='ltr'><strong>mente</strong></span> <span class='ocrx_word' id='word_1_154' title='bbox 643 1559 748 1620; x_wconf 77' lang='lat' dir='ltr'><strong>priorem,</strong></span> 
     </span>
    </p>

    <p class='ocr_par' dir='ltr' id='par_1_24' title="bbox 148 1621 715 1687">
     <span class='ocr_line' id='line_1_24' title="bbox 148 1621 715 1687; baseline 0.002 -18"><span class='ocrx_word' id='word_1_155' title='bbox 148 1621 224 1676; x_wconf 86' lang='lat' dir='ltr'><strong>Quem</strong></span> <span class='ocrx_word' id='word_1_156' title='bbox 235 1633 313 1670; x_wconf 85' lang='lat' dir='ltr'><strong>tenero</strong></span> <span class='ocrx_word' id='word_1_157' title='bbox 323 1627 392 1687; x_wconf 79' lang='lat' dir='ltr'><strong>patris</strong></span> <span class='ocrx_word' id='word_1_158' title='bbox 403 1626 508 1672; x_wconf 85' lang='lat' dir='ltr'><strong>comitem</strong></span> <span class='ocrx_word' id='word_1_159' title='bbox 520 1632 647 1685; x_wconf 77' lang='lat' dir='ltr'><strong>susceperat</strong></span> <span class='ocrx_word' id='word_1_160' title='bbox 657 1639 715 1678; x_wconf 82' lang='lat' dir='ltr'><strong>sevo,</strong></span> 
     </span>
    </p>

    <p class='ocr_par' dir='ltr' id='par_1_25' title="bbox 146 1686 818 1816">
     <span class='ocr_line' id='line_1_25' title="bbox 146 1686 818 1752; baseline 0.009 -20"><span class='ocrx_word' id='word_1_161' title='bbox 146 1686 224 1742; x_wconf 85' lang='lat' dir='ltr'><strong>Nune,</strong></span> <span class='ocrx_word' id='word_1_162' title='bbox 236 1689 293 1736; x_wconf 87' lang='lat' dir='ltr'><strong>duee</strong></span> <span class='ocrx_word' id='word_1_163' title='bbox 304 1705 355 1736; x_wconf 89' lang='lat' dir='ltr'><strong>cum</strong></span> <span class='ocrx_word' id='word_1_164' title='bbox 367 1705 452 1744; x_wconf 84' lang='lat' dir='ltr'><strong>socero,</strong></span> <span class='ocrx_word' id='word_1_165' title='bbox 460 1691 569 1752; x_wconf 81' lang='lat' dir='ltr'><strong>juvenem</strong></span> <span class='ocrx_word' id='word_1_166' title='bbox 577 1698 600 1734; x_wconf 91' lang='lat' dir='ltr'><strong>te</strong></span> <span class='ocrx_word' id='word_1_167' title='bbox 607 1687 707 1749; x_wconf 85' lang='lat' dir='ltr'><strong>Tlrybris</strong></span> <span class='ocrx_word' id='word_1_168' title='bbox 713 1689 818 1738; x_wconf 48' lang='lat' dir='ltr'><strong>auore&amp;</strong></span> 
     </span>
     <span class='ocr_line' id='line_1_26' title="bbox 180 1752 818 1816; baseline 0.006 -18"><span class='ocrx_word' id='word_1_169' title='bbox 180 1752 289 1800; x_wconf 79' lang='lat' dir='ltr'><strong>Orantem</strong></span> <span class='ocrx_word' id='word_1_170' title='bbox 300 1755 374 1802; x_wconf 84' lang='lat' dir='ltr'><strong>medio</strong></span> <span class='ocrx_word' id='word_1_171' title='bbox 384 1757 487 1816; x_wconf 86' lang='lat' dir='ltr'><strong>princeps</strong></span> <span class='ocrx_word' id='word_1_172' title='bbox 498 1767 601 1800; x_wconf 82' lang='lat' dir='ltr'><strong>sermone</strong></span> <span class='ocrx_word' id='word_1_173' title='bbox 608 1753 700 1800; x_wconf 77' lang='lat' dir='ltr'><strong>refovit:</strong></span> <span class='ocrx_word' id='word_1_174' title='bbox 767 1759 818 1802; x_wconf 76' lang='lat'><strong>426</strong></span> 
     </span>
    </p>

    <p class='ocr_par' dir='ltr' id='par_1_26' title="bbox 106 1816 791 1881">
     <span class='ocr_line' id='line_1_27' title="bbox 106 1816 791 1881; baseline 0.003 -17"><span class='ocrx_word' id='word_1_175' title='bbox 106 1859 108 1864; x_wconf 94' lang='lat'><em>.</em></span> <span class='ocrx_word' id='word_1_176' title='bbox 148 1823 163 1847; x_wconf 80' lang='lat'><strong>⁴‘</strong></span> <span class='ocrx_word' id='word_1_177' title='bbox 173 1816 296 1880; x_wconf 78' lang='lat' dir='ltr'><strong>Nunquam</strong></span> <span class='ocrx_word' id='word_1_178' title='bbox 307 1819 390 1881; x_wconf 77' lang='lat' dir='ltr'><strong>uquuid</strong></span> <span class='ocrx_word' id='word_1_179' title='bbox 398 1819 483 1866; x_wconf 78' lang='lat' dir='ltr'><strong>frustra</strong></span> <span class='ocrx_word' id='word_1_180' title='bbox 492 1835 533 1881; x_wconf 89' lang='lat' dir='ltr'><strong>per</strong></span> <span class='ocrx_word' id='word_1_181' title='bbox 543 1833 580 1865; x_wconf 91' lang='lat' dir='ltr'><strong>me</strong></span> <span class='ocrx_word' id='word_1_182' title='bbox 590 1817 688 1864; x_wconf 87' lang='lat' dir='ltr'><strong>voluisse</strong></span> <span class='ocrx_word' id='word_1_183' title='bbox 698 1819 791 1875; x_wconf 67' lang='lat' dir='ltr'><strong>(lolem,</strong></span> 
     </span>
    </p>

    <p class='ocr_par' dir='ltr' id='par_1_27' title="bbox 148 1881 696 1946">
     <span class='ocr_line' id='line_1_28' title="bbox 148 1881 696 1946; baseline 0 -18"><span class='ocrx_word' id='word_1_184' title='bbox 148 1881 170 1928; x_wconf 88' lang='lat'>0</span> <span class='ocrx_word' id='word_1_185' title='bbox 183 1881 248 1930; x_wconf 85' lang='lat' dir='ltr'><strong>Des!</strong></span> <span class='ocrx_word' id='word_1_186' title='bbox 267 1899 309 1930; x_wconf 86' lang='lat' dir='ltr'><strong>neo</strong></span> <span class='ocrx_word' id='word_1_187' title='bbox 319 1885 395 1946; x_wconf 78' lang='lat' dir='ltr'><strong>legum</strong></span> <span class='ocrx_word' id='word_1_188' title='bbox 405 1884 439 1931; x_wconf 85' lang='lat' dir='ltr'><strong>l&#39;ss</strong></span> <span class='ocrx_word' id='word_1_189' title='bbox 450 1892 487 1930; x_wconf 83' lang='lat' dir='ltr'><strong>est</strong></span> <span class='ocrx_word' id='word_1_190' title='bbox 496 1898 613 1930; x_wconf 84' lang='lat' dir='ltr'><strong>occurrere</strong></span> <span class='ocrx_word' id='word_1_191' title='bbox 623 1883 696 1929; x_wconf 80' lang='lat' dir='ltr'><strong>matri.</strong></span> 
     </span>
    </p>

    <p class='ocr_par' dir='ltr' id='par_1_28' title="bbox 148 1947 742 2013">
     <span class='ocr_line' id='line_1_29' title="bbox 148 1947 742 2013; baseline 0.003 -21"><span class='ocrx_word' id='word_1_192' title='bbox 148 1947 195 1993; x_wconf 84' lang='lat' dir='ltr'><strong>Sed</strong></span> <span class='ocrx_word' id='word_1_193' title='bbox 205 1962 254 2001; x_wconf 87' lang='lat' dir='ltr'><strong>nee,</strong></span> <span class='ocrx_word' id='word_1_194' title='bbox 266 1955 318 2011; x_wconf 84' lang='lat' dir='ltr'><strong>post</strong></span> <span class='ocrx_word' id='word_1_195' title='bbox 329 1949 431 2010; x_wconf 83' lang='lat' dir='ltr'><strong>Libyam,</strong></span> <span class='ocrx_word' id='word_1_196' title='bbox 441 1949 518 2013; x_wconf 82' lang='lat' dir='ltr'><strong>(islsis</strong></span> <span class='ocrx_word' id='word_1_197' title='bbox 528 1963 558 1994; x_wconf 90' lang='lat' dir='ltr'><strong>ne</strong></span> <span class='ocrx_word' id='word_1_198' title='bbox 567 1963 637 2010; x_wconf 83' lang='lat' dir='ltr'><strong>perge</strong></span> <span class='ocrx_word' id='word_1_199' title='bbox 647 1948 742 2009; x_wconf 89' lang='lat' dir='ltr'><strong>querelis</strong></span> 
     </span>
    </p>

    <p class='ocr_par' dir='ltr' id='par_1_29' title="bbox 148 2009 820 2076">
     <span class='ocr_line' id='line_1_30' title="bbox 148 2009 820 2076; baseline 0.009 -21"><span class='ocrx_word' id='word_1_200' title='bbox 148 2009 255 2058; x_wconf 79' lang='lat' dir='ltr'><strong>Ineusere</strong></span> <span class='ocrx_word' id='word_1_201' title='bbox 266 2012 328 2074; x_wconf 86' lang='lat' dir='ltr'><strong>tuos)</strong></span> <span class='ocrx_word' id='word_1_202' title='bbox 340 2015 417 2076; x_wconf 76' lang='lat' dir='ltr'><strong>pstriae</strong></span> <span class='ocrx_word' id='word_1_203' title='bbox 427 2013 643 2060; x_wconf 82' lang='lat' dir='ltr'><strong>mandatnvoosntis</strong></span> <span class='ocrx_word' id='word_1_204' title='bbox 768 2018 820 2061; x_wconf 81' lang='grc'><strong>480</strong></span> 
     </span>
    </p>

    <p class='ocr_par' dir='ltr' id='par_1_30' title="bbox 148 2076 734 2138">
     <span class='ocr_line' id='line_1_31' title="bbox 148 2076 734 2138; baseline 0.005 -17"><span class='ocrx_word' id='word_1_205' title='bbox 148 2076 286 2138; x_wconf 85' lang='lat' dir='ltr'><strong>Sprevimus.</strong></span> <span class='ocrx_word' id='word_1_206' title='bbox 305 2079 415 2126; x_wconf 83' lang='lat' dir='ltr'><strong>Adveotae</strong></span> <span class='ocrx_word' id='word_1_207' title='bbox 426 2080 495 2125; x_wconf 76' lang='lat' dir='ltr'><strong>misso</strong></span> <span class='ocrx_word' id='word_1_208' title='bbox 507 2078 629 2124; x_wconf 84' lang='lat' dir='ltr'><strong>Stilichone</strong></span> <span class='ocrx_word' id='word_1_209' title='bbox 640 2078 734 2132; x_wconf 86' lang='lat' dir='ltr'><strong>curules,</strong></span> 
     </span>
    </p>

    <p class='ocr_par' dir='ltr' id='par_1_31' title="bbox 148 2139 759 2206">
     <span class='ocr_line' id='line_1_32' title="bbox 148 2139 759 2206; baseline 0.005 -20"><span class='ocrx_word' id='word_1_210' title='bbox 148 2139 184 2187; x_wconf 81' lang='lat' dir='ltr'><strong>Ut</strong></span> <span class='ocrx_word' id='word_1_211' title='bbox 195 2148 285 2189; x_wconf 81' lang='lat' dir='ltr'><strong>nostrus</strong></span> <span class='ocrx_word' id='word_1_212' title='bbox 293 2143 339 2196; x_wconf 83' lang='lat' dir='ltr'><strong>tibi,</strong></span> <span class='ocrx_word' id='word_1_213' title='bbox 353 2143 435 2197; x_wconf 86' lang='lat' dir='ltr'><strong>Romo,</strong></span> <span class='ocrx_word' id='word_1_214' title='bbox 447 2144 509 2190; x_wconf 82' lang='lat' dir='ltr'><strong>vices</strong></span> <span class='ocrx_word' id='word_1_215' title='bbox 512 2159 559 2206; x_wconf 87' lang='lat' dir='ltr'><strong>pro</strong></span> <span class='ocrx_word' id='word_1_216' title='bbox 569 2143 669 2204; x_wconf 83' lang='lat' dir='ltr'><strong>principe</strong></span> <span class='ocrx_word' id='word_1_217' title='bbox 679 2143 759 2190; x_wconf 85' lang='lat' dir='ltr'><strong>consul</strong></span> 
     </span>
    </p>

    <p class='ocr_par' dir='ltr' id='par_1_32' title="bbox 148 2204 680 2270">
     <span class='ocr_line' id='line_1_33' title="bbox 148 2204 680 2270; baseline 0.004 -19"><span class='ocrx_word' id='word_1_218' title='bbox 148 2204 261 2267; x_wconf 68' lang='lat' dir='ltr'><strong>Impleret,</strong></span> <span class='ocrx_word' id='word_1_219' title='bbox 273 2223 401 2270; x_wconf 80' lang='lat' dir='ltr'><strong>generoque</strong></span> <span class='ocrx_word' id='word_1_220' title='bbox 413 2224 483 2254; x_wconf 84' lang='lat' dir='ltr'><strong>socer.</strong></span> <span class='ocrx_word' id='word_1_221' title='bbox 503 2207 597 2254; x_wconf 73' lang='lat' dir='ltr'><strong>Vidistis</strong></span> <span class='ocrx_word' id='word_1_222' title='bbox 608 2208 631 2253; x_wconf 90' lang='lat' dir='ltr'><strong>in</strong></span> <span class='ocrx_word' id='word_1_223' title='bbox 641 2208 680 2253; x_wconf 88' lang='lat' dir='ltr'><strong>illo</strong></span> 
     </span>
    </p>

    <p class='ocr_par' dir='ltr' id='par_1_33' title="bbox 147 2269 768 2335">
     <span class='ocr_line' id='line_1_34' title="bbox 147 2269 768 2335; baseline 0.005 -20"><span class='ocrx_word' id='word_1_224' title='bbox 147 2269 190 2316; x_wconf 89' lang='lat' dir='ltr'><strong>Me</strong></span> <span class='ocrx_word' id='word_1_225' title='bbox 201 2285 303 2332; x_wconf 83' lang='lat' dir='ltr'><strong>quoque:</strong></span> <span class='ocrx_word' id='word_1_226' title='bbox 323 2273 354 2318; x_wconf 85' lang='lat' dir='ltr'><strong>sio</strong></span> <span class='ocrx_word' id='word_1_227' title='bbox 365 2273 435 2319; x_wconf 82' lang='lat' dir='ltr'><strong>credit</strong></span> <span class='ocrx_word' id='word_1_228' title='bbox 445 2274 523 2335; x_wconf 79' lang='lat' dir='ltr'><strong>pietus,</strong></span> <span class='ocrx_word' id='word_1_229' title='bbox 536 2287 581 2318; x_wconf 91' lang='lat' dir='ltr'><strong>nou</strong></span> <span class='ocrx_word' id='word_1_230' title='bbox 592 2272 702 2334; x_wconf 77' lang='lat' dir='ltr'><strong>sunguine</strong></span> <span class='ocrx_word' id='word_1_231' title='bbox 712 2272 768 2327; x_wconf 83' lang='lat' dir='ltr'><strong>solo,</strong></span> 
     </span>
    </p>

    <p class='ocr_par' dir='ltr' id='par_1_34' title="bbox 146 2333 819 2400">
     <span class='ocr_line' id='line_1_35' title="bbox 146 2333 819 2400; baseline 0.013 -22"><span class='ocrx_word' id='word_1_232' title='bbox 146 2333 192 2379; x_wconf 84' lang='lat' dir='ltr'><strong>Sed</strong></span> <span class='ocrx_word' id='word_1_233' title='bbox 203 2334 352 2396; x_wconf 77' lang='lat' dir='ltr'><strong>elaris-potius</strong></span> <span class='ocrx_word' id='word_1_234' title='bbox 361 2337 433 2391; x_wconf 70' lang='lat' dir='ltr'><strong>isonis,</strong></span> <span class='ocrx_word' id='word_1_235' title='bbox 446 2345 538 2400; x_wconf 81' lang='lat' dir='ltr'><strong>experts</strong></span> <span class='ocrx_word' id='word_1_236' title='bbox 546 2344 669 2398; x_wconf 75' lang='lat' dir='ltr'><strong>parentem.</strong></span> <span class='ocrx_word' id='word_1_237' title='bbox 768 2341 819 2387; x_wconf 79' lang='lat'><strong>435</strong></span> 
     </span>
    </p>

    <p class='ocr_par' dir='ltr' id='par_1_35' title="bbox 147 2394 818 2465">
     <span class='ocr_line' id='line_1_36' title="bbox 147 2394 818 2465; baseline 0.007 -22"><span class='ocrx_word' id='word_1_238' title='bbox 147 2394 334 2458; x_wconf 77' lang='lat' dir='ltr'><strong>Cunetsquidem</strong></span> <span class='ocrx_word' id='word_1_239' title='bbox 346 2410 436 2448; x_wconf 86' lang='lat' dir='ltr'><strong>eentum</strong></span> <span class='ocrx_word' id='word_1_240' title='bbox 448 2417 557 2464; x_wconf 79' lang='lat' dir='ltr'><strong>nequeam</strong></span> <span class='ocrx_word' id='word_1_241' title='bbox 567 2402 718 2464; x_wconf 73' lang='lat' dir='ltr'><strong>perstringere</strong></span> <span class='ocrx_word' id='word_1_242' title='bbox 724 2402 818 2465; x_wconf 79' lang='lat' dir='ltr'><strong>linguis,</strong></span> 
     </span>
    </p>

    <p class='ocr_par' dir='ltr' id='par_1_36' title="bbox 148 2460 818 2529">
     <span class='ocr_line' id='line_1_37' title="bbox 148 2460 818 2529; baseline 0.019 -25"><span class='ocrx_word' id='word_1_243' title='bbox 148 2460 207 2513; x_wconf 83' lang='lat' dir='ltr'><strong>Quae</strong></span> <span class='ocrx_word' id='word_1_244' title='bbox 218 2477 259 2522; x_wconf 93' lang='lat' dir='ltr'><strong>pro</strong></span> <span class='ocrx_word' id='word_1_245' title='bbox 269 2479 307 2510; x_wconf 85' lang='lat' dir='ltr'><strong>me</strong></span> <span class='ocrx_word' id='word_1_246' title='bbox 317 2467 446 2528; x_wconf 87' lang='lat' dir='ltr'><strong>mundoque</strong></span> <span class='ocrx_word' id='word_1_247' title='bbox 456 2468 527 2529; x_wconf 72' lang='lat' dir='ltr'><strong>geritz</strong></span> <span class='ocrx_word' id='word_1_248' title='bbox 544 2467 584 2512; x_wconf 83' lang='lat' dir='ltr'><strong>sed</strong></span> <span class='ocrx_word' id='word_1_249' title='bbox 593 2468 621 2512; x_wconf 83' lang='lat' dir='ltr'><strong>sb</strong></span> <span class='ocrx_word' id='word_1_250' title='bbox 632 2468 735 2514; x_wconf 69' lang='lat' dir='ltr'><strong>omnmus</strong></span> <span class='ocrx_word' id='word_1_251' title='bbox 746 2483 818 2516; x_wconf 88' lang='lat' dir='ltr'><strong>unum</strong></span> 
     </span>
    </p>

    <p class='ocr_par' dir='ltr' id='par_1_37' title="bbox 146 2523 693 2592">
     <span class='ocr_line' id='line_1_38' title="bbox 146 2523 693 2592; baseline 0.011 -22"><span class='ocrx_word' id='word_1_252' title='bbox 146 2525 183 2586; x_wconf 91' lang='lat' dir='ltr'><strong>(Si</strong></span> <span class='ocrx_word' id='word_1_253' title='bbox 193 2523 253 2570; x_wconf 70' lang='lat' dir='ltr'><strong>fami</strong></span> <span class='ocrx_word' id='word_1_254' title='bbox 264 2528 359 2575; x_wconf 82' lang='lat' dir='ltr'><strong>necdum</strong></span> <span class='ocrx_word' id='word_1_255' title='bbox 371 2529 453 2592; x_wconf 78' lang='lat' dir='ltr'><strong>potuit)</strong></span> <span class='ocrx_word' id='word_1_256' title='bbox 465 2540 495 2586; x_wconf 72' lang='lat' dir='ltr'><strong>te,</strong></span> <span class='ocrx_word' id='word_1_257' title='bbox 507 2531 589 2584; x_wconf 81' lang='lat' dir='ltr'><strong>Romu,</strong></span> <span class='ocrx_word' id='word_1_258' title='bbox 601 2530 693 2588; x_wconf 76' lang='lat' dir='ltr'><strong>docebo,</strong></span> 
     </span>
    </p>

    <p class='ocr_par' dir='ltr' id='par_1_38' title="bbox 145 2589 701 2661">
     <span class='ocr_line' id='line_1_39' title="bbox 145 2589 701 2661; baseline 0.007 -27"><span class='ocrx_word' id='word_1_259' title='bbox 145 2589 277 2651; x_wconf 83' lang='lat' dir='ltr'><strong>Subjectum</strong></span> <span class='ocrx_word' id='word_1_260' title='bbox 284 2595 371 2642; x_wconf 83' lang='lat' dir='ltr'><strong>&#39;nostris</strong></span> <span class='ocrx_word' id='word_1_261' title='bbox 382 2596 460 2653; x_wconf 85' lang='lat' dir='ltr'><strong>oculis,</strong></span> <span class='ocrx_word' id='word_1_262' title='bbox 470 2603 495 2642; x_wconf 87' lang='lat' dir='ltr'><strong>et</strong></span> <span class='ocrx_word' id='word_1_263' title='bbox 505 2597 569 2661; x_wconf 72' lang='lat' dir='ltr'><strong>eujus</strong></span> <span class='ocrx_word' id='word_1_264' title='bbox 579 2596 661 2660; x_wconf 71' lang='lat' dir='ltr'><strong>egendi</strong></span> <span class='ocrx_word' id='word_1_265' title='bbox 697 2630 701 2638; x_wconf 78' lang='lat'><em>.</em></span> 
     </span>
    </p>
   </div>
   <div class='ocr_carea' id='block_1_3' title="bbox 0 0 950 2892">
    <p class='ocr_par' dir='ltr' id='par_1_39' title="bbox 0 0 950 2892">
     <span class='ocr_line' id='line_1_40' title="bbox 0 0 950 2892; baseline 0 1"><span class='ocrx_word' id='word_1_266' title='bbox 0 0 950 2892; x_wconf 95' lang='lat' dir='ltr'><strong> </strong></span> 
     </span>
    </p>
   </div>
  </div>
 </body>
</html>
