1892 2892
237 81 291 134 De
306 83 351 134 1v.
366 83 463 136 CONS.
478 83 638 134 HONORll.
744 86 777 134 57

103 209 146 264 Et,
158 227 255 273 quorum
266 215 339 262 tur'on
350 215 445 277 epatium
457 215 497 262 vix
506 214 602 276 praebuit
613 213 681 269 orbis,

106 275 164 323 Uno
175 278 234 325 colle
242 280 326 327 latenti
346 281 431 333 sitiens,
443 280 574 340 inclusaque
585 278 651 331 vulo.

103 339 205 404 Erepteo
215 345 319 404 quaeaivit
329 360 405 406 aquae,
417 360 480 406 quae,
492 345 593 391 hortibus
604 351 658 391 ante
726 344 778 389 400

105 403 242 470 Contiguus,
254 409 298 455 alio
310 409 420 456 Stilichon
431 409 552 456 deflexerat
563 416 631 466 κοίης

14 479 15 486 ’
102 469 274 536 Mirantemque
284 488 355 520 novur
365 475 444 536 ignote
454 489 495 536 per
504 475 554 521 avia
564 473 642 527 vallet,

103 534 210 586 iusserat
219 553 299 584 averto
310 537 404 585 lluvium
416 539 515 600 migrare
524 546 607 584 meatu

105 599 180 648 Obvia
189 603 243 662 quid
253 604 335 649 mirum
346 604 413 656 vinci,
426 619 477 649 cunr
489 603 594 650 burburus
605 601 665 648 ultro

104 663 158 713 Jam
169 667 245 728 cupiat
256 668 340 714 servire
350 668 407 714 tibi?
422 667 474 715 Tua
485 668 589 714 Sarmata
599 667 685 712 diacon
727 667 777 713 405

106 729 253 778 Sacramenta
263 733 331 794 petit:
350 730 450 794 projecti
460 733 525 793 pelle.
538 731 642 779 Gelonus

106 793 208 842 Militat:
227 797 250 842 ln
262 795 342 843 Latioe
353 799 409 844 ritus
420 798 537 850 transistis,
549 795 625 842 Alani.
654 821 657 829 ·

108 857 144 906 Ut
155 859 224 907 iortee
235 861 259 906 in
271 861 348 908 Marte
358 861 426 914 viros,
439 862 564 921 animisque
573 866 670 922 puratos.

107 924 229 986 Sicjurtoe
240 925 263 970 in
273 941 328 988 pace
338 927 403 988 legio,
415 925 555 988 longumque
564 925 634 972 tuem

106 987 215 1037 Elector:
235 991 317 1036 crebris
328 1004 371 1037 nec
381 991 551 1038 succedentibus
562 1005 637 1052 urgeo.
729 991 780 1036 490

106 1052 225 1102 Judicibue
236 1056 296 1101 notin
307 1056 414 1118 regimur,
425 1055 565 1117 fruimurque
575 1054 657 1115 quietis

106 1117 244 1180 Militiaeque
254 1119 333 1176 bonis;
351 1135 392 1166 eeu
402 1120 510 1166 bellatore
522 1120 626 1174 Quirino,

107 1180 158 1231 ceu
169 1184 256 1245 placido
267 1185 398 1231 moderante
409 1183 494 1231 Numi.
522 1184 577 1230 Non
588 1183 690 1231 imminet
700 1181 776 1230 enon:

105 1246 186 1294 Nullre
197 1249 304 1295 nobilium
315 1249 402 1296 eaedeo:
421 1264 468 1295 nou
479 1249 573 1295 crimina
582 1248 653 1311 vulgo

103 1311 239 1360 Texuntur:
253 1311 325 1376 patrii
334 1322 430 1361 moeotus
441 1329 487 1360 non
498 1314 595 1360 truditur
604 1313 677 1360 exoul.
727 1312 778 1359 495

105 1375 180 1440 Impie
191 1379 291 1425 continui
302 1387 390 1426 cessent
401 1387 523 1442 augmenta
534 1379 624 1425 tributi:

104 1441 162 1489 Non
173 1442 273 1490 infelices
284 1445 373 1497 tabule,
386 1459 431 1490 nou
443 1446 508 1491 hasta
519 1444 599 1490 refixae
627 1481 634 1494 .

105 1507 193 1554 Vendit
203 1523 271 1570 opee:
291 1507 356 1556 avidi
366 1517 440 1556 tector
451 1524 499 1555 non
510 1524 566 1555 voce
577 1509 671 1554 citatur:

105 1570 158 1620 Nee
169 1582 208 1619 tua
218 1574 311 1634 privatis
322 1582 427 1622 creseunt
438 1573 517 1623 aeraria
527 1571 623 1618 domuin.

105 1636 231 1684 Munifious
242 1638 306 1700 largi,
320 1639 359 1685 eed
369 1653 415 1685 non
427 1646 450 1686 et
460 1637 575 1700 prodigae,
588 1637 644 1683 auri.
727 1635 778 1682 500

105 1701 218 1750 Perdurat
229 1718 275 1749 uon
286 1711 347 1750 emta
357 1703 426 1750 fides:
446 1717 488 1750 nee
499 1710 591 1764 pectora
602 1715 688 1748 meree·

104 1767 207 1830 diligat:
227 1769 275 1830 ipra
286 1784 327 1814 auo
338 1784 380 1830 pru
390 1769 486 1830 pignore
497 1776 571 1814 eastra
580 1767 690 1813 laborant.

103 1831 142 1880 Te
152 1832 216 1878 miles
227 1833 324 1879 nutritor
335 1841 408 1880 amat:
428 1849 480 1893 quae
491 1833 587 1893 denique
598 1831 682 1878 Rornae

105 1896 169 1946 Cura
179 1897 232 1945 tibi!
251 1913 317 1960 quam
329 1897 374 1944 lixa
384 1906 460 1944 manet
471 1897 596 1944 reverentia
607 1893 716 1942 Petrum!

105 1961 222 2010 Firmatur
233 1963 400 2024 reniumjurin3
417 1962 557 2024 priscamque
568 1967 686 2008 resumunt
728 1959 777 2007 505

106 2026 221 2074 Canitiem
232 2027 310 2088 legeo;
328 2026 520 2086 emendanturque
530 2034 635 2079 vetusta,

105 2091 272 2154 deceduntque
283 2107 357 2138 novae.
380 2091 460 2138 Talem
472 2088 563 2137 sensere
574 2091 682 2138 Solonem

105 2156 156 2204 Re·
168 2154 314 2203 Pandioniae:
335 2157 366 2203 eie
377 2156 514 2217 amripotem
526 2155 677 2203 Lacedaemon

106 2219 221 2282 Despexit
231 2231 317 2273 muron,
330 2221 401 2282 rigido
413 2221 500 2267 munita
511 2219 627 2282 Lycurgo.

107 2285 176 2339 Quae,
189 2287 231 2332 sub
241 2293 272 2339 te,
284 2286 320 2331 vel
332 2301 398 2332 eausa
408 2285 489 2338 brevio,
502 2286 628 2347 veljudieie
638 2299 708 2339 error,
728 2286 780 2331 510

106 2349 260 2414 Negligitur?
277 2350 348 2396 dubiis
360 2350 410 2410 quit
420 2349 497 2396 litibus
507 2350 588 2396 addere
598 2349 666 2395 linem

105 2415 202 2470 iustior,
214 2423 238 2462 et
249 2425 348 2462 mersum
359 2415 449 2462 latebris
459 2415 555 2460 educere
564 2413 661 2460 verum?

106 2481 168 2534 Quae
179 2481 259 2542 pietas,
272 2487 412 2542 quantusque
423 2479 492 2540 rigor,
504 2479 667 2539 tranquillaque
676 2476 754 2539 magni

9 2571 16 2578 ·
105 2545 151 2592 vu
163 2545 241 2599 animi,
254 2545 360 2606 nulloque
370 2544 427 2592 levir
438 2553 524 2590 terrore
534 2543 629 2596 moveri,

103 2608 157 2660 Nec
170 2610 318 2659 novamiruri
328 2607 413 2658 sacius!
432 2623 499 2670 quarn
510 2607 577 2656 docta
585 2606 681 2654 facum
729 2607 778 2652 515
