1892 2892
274 71 325 122 DE
341 71 455 121 BELLO
472 69 612 123 cituco.
733 79 779 127 ret

8 199 9 204 ’
108 197 195 255 Curium
212 211 268 258 quos
278 195 351 258 plagis
361 195 452 244 doeorst
462 209 582 243 numerose
592 195 701 245 uertex:
727 198 778 243 482
829 179 840 188 ”

108 262 142 311 Et
153 262 262 309 tremulos
273 262 332 322 regit
341 261 405 308 hsstn
415 260 515 322 gradun
531 268 556 307 et
566 261 644 308 nititur
654 263 713 317 eltis,

108 327 157 375 Pro
167 325 255 379 bsmsso,
267 326 340 372 contis
351 339 397 370 non
408 332 522 371 exsrmsts
532 332 643 374 senectus·
780 359 789 379 1

110 389 160 439 nte
170 391 250 451 aliquis
260 390 351 452 gravior
362 397 422 442 netu,
435 389 470 435 cui
481 389 576 450 plurims
585 389 651 438 dictis
731 394 780 441 485

111 454 264 516 Consiliisque
274 453 336 507 tides,
349 453 435 500 defixus
445 453 530 499 lumina
540 461 614 508 terrae,

112 520 296 578 concutiensque
306 533 401 570 comem,
414 518 538 579 capuloque
548 519 639 565 acclinis
649 521 741 575 eburno,

111 591 128 615 ⁸⁸
140 585 165 632 si
176 599 271 630 nomem
281 597 327 628 non
337 581 428 636 fellor‚”
440 583 478 636 sit,
492 590 508 612 ‘⁶
519 582 631 630 tricesimu
641 585 710 632 currit

113 647 201 697 Brums
210 647 264 701 fere,
277 647 377 709 rapidum
387 653 505 709 postquem
516 648 653 694 tranavimus
664 647 756 703 Istrum,

19 745 21 749 ,
113 712 383 774 Romanumquemenum
395 711 463 758 tentis
474 711 584 757 eludimus
594 713 665 759 nonis.
731 719 782 762 490
829 702 832 711 ¹

114 778 160 825 Sed
171 792 284 838 nunquam
296 777 391 823 Mavors
402 777 457 822 adeo
468 776 602 822 constrinxit
612 777 636 822 in
646 785 733 824 arctum

113 841 170 896 Res,
183 838 279 895 Alarico,
292 849 349 888 tuas.
367 840 455 888 Pestot
464 840 586 887 certamine
596 841 663 888 ducto

115 906 189 955 Crede
200 907 254 960 seni,
267 906 305 966 qui
316 913 340 952 te
349 914 435 960 tenero,
447 905 497 951 vice
507 904 583 966 petris.
595 906 622 952 sb
633 921 684 954 aevo

114 971 236 1018 Geststum
246 969 315 1032 psrvi
326 970 404 1017 solitus
415 971 498 1017 donare
507 967 617 1031 pharensi,

114 1035 192 1096 Atque
203 1043 278 1096 sptnre
286 1036 366 1081 breves
376 1035 475 1080 humeris
484 1034 604 1096 puerilibus
612 1051 685 1083 arcus.
735 1038 784 1086 495

116 1101 183 1162 Saepe
190 1099 279 1161 quidem
290 1099 372 1146 irurtrs
382 1099 467 1152 monui,
479 1107 580 1146 serrator
590 1109 615 1147 ut
626 1101 665 1148 icti

117 1162 221 1212 Foederis
231 1163 337 1210 Emathii
348 1171 411 1210 tutus
422 1164 501 1210 tellure
508 1179 617 1211 moneres.

115 1229 170 1282 ser,
183 1229 287 1289 quoniam
299 1229 376 1274 calide
387 1228 459 1289 rapuit
470 1236 494 1274 te
503 1228 710 1292 flemmajuventae,

116 1291 187 1340 Nunc
199 1293 284 1346 saltem,
298 1293 315 1338 si
327 1307 381 1339 curs
391 1293 429 1338 tibi
441 1300 517 1339 menet
527 1293 572 1340 ulls
583 1301 680 1349 tuorum,

117 1356 165 1403 His
175 1357 278 1406 claustris
289 1357 364 1409 erade,
374 1373 467 1420 precor:
487 1357 584 1418 dumque
593 1360 684 1420 agmins
693 1359 770 1422 longe,

117 1421 183 1469 Dum
193 1422 253 1476 licet,
267 1421 495 1484 Hesperiispraeceps
502 1423 589 1468 elabere
601 1424 681 1481 terris;
735 1428 781 1472 501

117 1485 163 1541 Ne,
176 1501 236 1534 novs
245 1485 339 1548 praederi
350 1487 449 1548 cupiens,
461 1493 486 1532 et
495 1494 558 1546 purte
568 1501 678 1548 reponem

118 1550 253 1611 Pnstorique
263 1552 329 1612 lupus
340 1551 448 1597 scelerum
459 1546 540 1596 delicte
549 1552 648 1612 prionrm

117 1613 185 1663 Intra
196 1623 258 1676 septe
267 1616 324 1662 lues.
344 1615 406 1672 Qnid
416 1615 513 1676 palmitis
524 1616 578 1661 uber
588 1615 688 1668 Etrusci,

121 1679 184 1734 Quid
194 1680 248 1726 mihi
254 1680 401 1739 nescioquam
408 1678 498 1741 proprio
504 1695 555 1725 curn
562 1678 677 1740 Thybride
681 1679 788 1736 Roman

120 1745 214 1808 Semper
225 1745 248 1790 in
259 1759 299 1790 ore
308 1743 385 1806 geris?
402 1741 515 1791 Referunt
526 1744 545 1790 si
555 1759 609 1791 vers
619 1752 729 1806 petentes,
738 1749 787 1794 506

120 1809 190 1857 Henc
198 1811 275 1856 urbem
286 1809 365 1854 insano
377 1809 451 1855 nullus
462 1810 500 1869 qui
511 1808 589 1856 Morte
598 1809 684 1870 petivit,

120 1872 225 1921 Laetstus
235 1871 331 1920 violisse
341 1869 406 1919 redit.
425 1871 477 1920 Nec
488 1873 590 1920 Numine
600 1875 675 1921 sedem

121 1937 272 1985 Destituunt:
287 1939 372 2000 Jsctnts
382 1938 460 2000 procul
470 1937 575 1984 dicuntur
584 1939 608 1984 in
619 1939 707 1985 hostem

119 2001 241 2060 Fulmins3
258 2002 372 2062 divinique
384 2003 460 2049 volent
470 2018 512 2063 pro
522 2002 633 2049 moenibus
643 2004 722 2064 ignem
738 2007 790 2051 510

120 2067 167 2115 Seu
178 2068 268 2120 coelum,
282 2081 321 2114 seu
332 2066 414 2120 Roma,
427 2074 499 2114 toust.
518 2067 542 2114 si
554 2068 635 2113 tanis
647 2068 777 2131 Olympum,

120 2131 144 2179 A
156 2143 240 2194 magno
252 2131 375 2180 Stilichone
385 2147 446 2185 cave,
458 2132 497 2192 qui
507 2147 595 2192 semper
604 2131 699 2192 iniquos,

121 2195 225 2244 Fortunis
235 2195 364 2250 fomulsnte,
375 2197 463 2258 premit.
484 2197 534 2242 Scis
543 2196 598 2257 ipse,
609 2197 694 2258 perosis

121 2261 227 2309 Arcadis·
238 2277 306 2323 qusm
316 2261 385 2307 dense
391 2261 455 2322 jugis
465 2261 612 2307 cumulaverit
622 2277 674 2307 ossa
680 2277 689 2318 ς

122 2326 239 2388 Sanguine
249 2341 315 2386 qusm
326 2326 390 2388 largo
400 2325 484 2372 Grsios
493 2325 618 2372 calefecerit
628 2340 713 2371 amna.
742 2328 791 2374 ⁵15

121 2390 301 2450 Exstinctusque
310 2390 379 2443 fores,
390 2390 414 2435 ni
424 2397 454 2442 te,
467 2390 508 2436 sub
518 2389 609 2435 nomine
618 2389 702 2452 legum,

122 2453 225 2502 Prodito
237 2455 346 2516 regnique
356 2455 420 2500 favor
431 2453 525 2500 texisset
535 2452 608 2500 Eoi.”

154 2519 221 2566 Tslis
231 2519 378 2581 grsndaevum
390 2516 505 2564 flammati
513 2517 589 2564 fronte
598 2518 727 2578 loquentem

123 2584 270 2646 obliquisque
281 2591 351 2631 tuens
359 2583 437 2636 oeulis,
447 2597 494 2630 non
505 2582 597 2645 pertulit
604 2583 677 2640 ultrs3
